%YAML 1.1
%TAG !u! tag:unity3d.com,2011:
--- !u!1 &5880074966388091822
GameObject:
  m_ObjectHideFlags: 0
  m_CorrespondingSourceObject: {fileID: 0}
  m_PrefabInstance: {fileID: 0}
  m_PrefabAsset: {fileID: 0}
  serializedVersion: 6
  m_Component:
  - component: {fileID: 4846041869144052929}
  m_Layer: 0
  m_Name: Physics
  m_TagString: Untagged
  m_Icon: {fileID: 0}
  m_NavMeshLayer: 0
  m_StaticEditorFlags: 0
  m_IsActive: 1
--- !u!4 &4846041869144052929
Transform:
  m_ObjectHideFlags: 0
  m_CorrespondingSourceObject: {fileID: 0}
  m_PrefabInstance: {fileID: 0}
  m_PrefabAsset: {fileID: 0}
  m_GameObject: {fileID: 5880074966388091822}
  m_LocalRotation: {x: 0, y: 0, z: 0, w: 1}
  m_LocalPosition: {x: 0, y: 0, z: 0}
  m_LocalScale: {x: 1, y: 1, z: 1}
  m_Children: []
  m_Father: {fileID: 8767021091402443841}
  m_RootOrder: 8
  m_LocalEulerAnglesHint: {x: 0, y: 0, z: 0}
--- !u!1 &8519622598407294700
GameObject:
  m_ObjectHideFlags: 0
  m_CorrespondingSourceObject: {fileID: 0}
  m_PrefabInstance: {fileID: 0}
  m_PrefabAsset: {fileID: 0}
  serializedVersion: 6
  m_Component:
  - component: {fileID: 5979175703669641931}
  m_Layer: 0
  m_Name: BeginTransform
  m_TagString: Untagged
  m_Icon: {fileID: 0}
  m_NavMeshLayer: 0
  m_StaticEditorFlags: 0
  m_IsActive: 1
--- !u!4 &5979175703669641931
Transform:
  m_ObjectHideFlags: 0
  m_CorrespondingSourceObject: {fileID: 0}
  m_PrefabInstance: {fileID: 0}
  m_PrefabAsset: {fileID: 0}
  m_GameObject: {fileID: 8519622598407294700}
  m_LocalRotation: {x: 0, y: 0, z: 0, w: 1}
  m_LocalPosition: {x: 0, y: 0, z: -8.43}
  m_LocalScale: {x: 1, y: 1, z: 1}
  m_Children: []
  m_Father: {fileID: 8767021091402443841}
  m_RootOrder: 6
  m_LocalEulerAnglesHint: {x: 0, y: 0, z: 0}
--- !u!1 &8767021090987240873
GameObject:
  m_ObjectHideFlags: 0
  m_CorrespondingSourceObject: {fileID: 0}
  m_PrefabInstance: {fileID: 0}
  m_PrefabAsset: {fileID: 0}
  serializedVersion: 6
  m_Component:
  - component: {fileID: 8767021090987240872}
  - component: {fileID: 8767021090987240870}
  - component: {fileID: 8767021090987240871}
  m_Layer: 0
  m_Name: CubeController
  m_TagString: Untagged
  m_Icon: {fileID: 0}
  m_NavMeshLayer: 0
  m_StaticEditorFlags: 0
  m_IsActive: 1
--- !u!4 &8767021090987240872
Transform:
  m_ObjectHideFlags: 0
  m_CorrespondingSourceObject: {fileID: 0}
  m_PrefabInstance: {fileID: 0}
  m_PrefabAsset: {fileID: 0}
  m_GameObject: {fileID: 8767021090987240873}
  m_LocalRotation: {x: 0, y: 0, z: 0, w: 1}
  m_LocalPosition: {x: 0, y: 0, z: 0}
  m_LocalScale: {x: 1, y: 1, z: 1}
  m_Children: []
  m_Father: {fileID: 8767021091402443841}
  m_RootOrder: 1
  m_LocalEulerAnglesHint: {x: 0, y: 0, z: 0}
--- !u!114 &8767021090987240870
MonoBehaviour:
  m_ObjectHideFlags: 0
  m_CorrespondingSourceObject: {fileID: 0}
  m_PrefabInstance: {fileID: 0}
  m_PrefabAsset: {fileID: 0}
  m_GameObject: {fileID: 8767021090987240873}
  m_Enabled: 1
  m_EditorHideFlags: 0
  m_Script: {fileID: 11500000, guid: 756518df91a884c92a302acdb80b184a, type: 3}
  m_Name: 
  m_EditorClassIdentifier: 
--- !u!114 &8767021090987240871
MonoBehaviour:
  m_ObjectHideFlags: 0
  m_CorrespondingSourceObject: {fileID: 0}
  m_PrefabInstance: {fileID: 0}
  m_PrefabAsset: {fileID: 0}
  m_GameObject: {fileID: 8767021090987240873}
  m_Enabled: 1
  m_EditorHideFlags: 0
  m_Script: {fileID: 11500000, guid: c949a741921444b27b08c55cfceceb62, type: 3}
  m_Name: 
  m_EditorClassIdentifier: 
  cubesSpawnInfo:
  - localPosition: {x: 0, y: 0.25, z: -5.62}
    rotation: {x: -0, y: -0, z: -0, w: 1}
    scale: {x: 0.35, y: 0.35, z: 0.35}
    isPlayer: 1
    useGravity: 1
  - localPosition: {x: 0, y: 0.18, z: -3.5}
    rotation: {x: -0, y: -0, z: -0, w: 1}
    scale: {x: 0.35, y: 0.35, z: 0.35}
    isPlayer: 0
    useGravity: 1
  - localPosition: {x: 0, y: 0.18, z: 3.5}
    rotation: {x: -0, y: -0, z: -0, w: 1}
    scale: {x: 0.35, y: 0.35, z: 0.35}
    isPlayer: 0
    useGravity: 1
  - localPosition: {x: -3.5000002, y: 0.18, z: -0.000023126227}
    rotation: {x: -0, y: 0.7071068, z: -0, w: 0.7071068}
    scale: {x: 0.35, y: 0.35, z: 0.35}
    isPlayer: 0
    useGravity: 1
  - localPosition: {x: 3.5000002, y: 0.18, z: 0.000023126227}
    rotation: {x: -0, y: 0.7071068, z: -0, w: 0.7071068}
    scale: {x: 0.35, y: 0.35, z: 0.35}
    isPlayer: 0
    useGravity: 1
  - localPosition: {x: -2.4748657, y: 0.18, z: -2.4748821}
    rotation: {x: -0, y: 0.38268209, z: -0, w: 0.9238801}
    scale: {x: 0.35, y: 0.35, z: 0.35}
    isPlayer: 0
    useGravity: 1
  - localPosition: {x: 2.4748657, y: 0.18, z: 2.4748821}
    rotation: {x: -0, y: 0.38268209, z: -0, w: 0.9238801}
    scale: {x: 0.35, y: 0.35, z: 0.35}
    isPlayer: 0
    useGravity: 1
  - localPosition: {x: -2.4748983, y: 0.18, z: 2.4748495}
    rotation: {x: -0, y: 0.92387897, z: -0, w: 0.3826849}
    scale: {x: 0.35, y: 0.35, z: 0.35}
    isPlayer: 0
    useGravity: 1
  - localPosition: {x: 2.4748983, y: 0.18, z: -2.4748495}
    rotation: {x: -0, y: 0.92387897, z: -0, w: 0.3826849}
    scale: {x: 0.35, y: 0.35, z: 0.35}
    isPlayer: 0
    useGravity: 1
  - localPosition: {x: -1.3393867, y: 0.18, z: -3.2335806}
    rotation: {x: -0, y: 0.1950896, z: -0, w: 0.9807854}
    scale: {x: 0.35, y: 0.35, z: 0.35}
    isPlayer: 0
    useGravity: 1
  - localPosition: {x: 1.3393867, y: 0.18, z: 3.2335806}
    rotation: {x: -0, y: 0.1950896, z: -0, w: 0.9807854}
    scale: {x: 0.35, y: 0.35, z: 0.35}
    isPlayer: 0
    useGravity: 1
  - localPosition: {x: -3.2335896, y: 0.18, z: 1.3393655}
    rotation: {x: -0, y: 0.8314692, z: -0, w: 0.55557096}
    scale: {x: 0.35, y: 0.35, z: 0.35}
    isPlayer: 0
    useGravity: 1
  - localPosition: {x: 3.2335896, y: 0.18, z: -1.3393655}
    rotation: {x: -0, y: 0.8314692, z: -0, w: 0.55557096}
    scale: {x: 0.35, y: 0.35, z: 0.35}
    isPlayer: 0
    useGravity: 1
  - localPosition: {x: -3.233572, y: 0.18, z: -1.3394082}
    rotation: {x: -0, y: 0.5555684, z: -0, w: 0.83147085}
    scale: {x: 0.35, y: 0.35, z: 0.35}
    isPlayer: 0
    useGravity: 1
  - localPosition: {x: 3.233572, y: 0.18, z: 1.3394082}
    rotation: {x: -0, y: 0.5555684, z: -0, w: 0.83147085}
    scale: {x: 0.35, y: 0.35, z: 0.35}
    isPlayer: 0
    useGravity: 1
  - localPosition: {x: -1.3394295, y: 0.18, z: 3.233563}
    rotation: {x: -0, y: 0.98078483, z: -0, w: 0.19509257}
    scale: {x: 0.35, y: 0.35, z: 0.35}
    isPlayer: 0
    useGravity: 1
  - localPosition: {x: 1.3394295, y: 0.18, z: -3.233563}
    rotation: {x: -0, y: 0.98078483, z: -0, w: 0.19509257}
    scale: {x: 0.35, y: 0.35, z: 0.35}
    isPlayer: 0
    useGravity: 1
  - localPosition: {x: -0.45683974, y: 0.18, z: -3.4700572}
    rotation: {x: -0, y: 0.06540288, z: -0, w: 0.99785894}
    scale: {x: 0.35, y: 0.35, z: 0.35}
    isPlayer: 0
    useGravity: 1
  - localPosition: {x: 0.45683974, y: 0.18, z: 3.4700572}
    rotation: {x: -0, y: 0.06540288, z: -0, w: 0.99785894}
    scale: {x: 0.35, y: 0.35, z: 0.35}
    isPlayer: 0
    useGravity: 1
  - localPosition: {x: -3.4700606, y: 0.18, z: 0.4568169}
    rotation: {x: -0, y: 0.75183964, z: -0, w: 0.6593461}
    scale: {x: 0.35, y: 0.35, z: 0.35}
    isPlayer: 0
    useGravity: 1
  - localPosition: {x: 3.4700606, y: 0.18, z: -0.4568169}
    rotation: {x: -0, y: 0.75183964, z: -0, w: 0.6593461}
    scale: {x: 0.35, y: 0.35, z: 0.35}
    isPlayer: 0
    useGravity: 1
  - localPosition: {x: -2.7767286, y: 0.18, z: -2.1306758}
    rotation: {x: -0, y: 0.44228718, z: -0, w: 0.8968735}
    scale: {x: 0.35, y: 0.35, z: 0.35}
    isPlayer: 0
    useGravity: 1
  - localPosition: {x: 2.7767286, y: 0.18, z: 2.1306758}
    rotation: {x: -0, y: 0.44228718, z: -0, w: 0.8968735}
    scale: {x: 0.35, y: 0.35, z: 0.35}
    isPlayer: 0
    useGravity: 1
  - localPosition: {x: -2.1306942, y: 0.18, z: 2.7767146}
    rotation: {x: -0, y: 0.9469296, z: -0, w: 0.3214412}
    scale: {x: 0.35, y: 0.35, z: 0.35}
    isPlayer: 0
    useGravity: 1
  - localPosition: {x: 2.1306942, y: 0.18, z: -2.7767146}
    rotation: {x: -0, y: 0.9469296, z: -0, w: 0.3214412}
    scale: {x: 0.35, y: 0.35, z: 0.35}
    isPlayer: 0
    useGravity: 1
  - localPosition: {x: -1.7499933, y: 0.18, z: -3.031093}
    rotation: {x: -0, y: 0.25881812, z: -0, w: 0.9659261}
    scale: {x: 0.35, y: 0.35, z: 0.35}
    isPlayer: 0
    useGravity: 1
  - localPosition: {x: 1.7499933, y: 0.18, z: 3.031093}
    rotation: {x: -0, y: 0.25881812, z: -0, w: 0.9659261}
    scale: {x: 0.35, y: 0.35, z: 0.35}
    isPlayer: 0
    useGravity: 1
  - localPosition: {x: -3.0311046, y: 0.18, z: 1.7499735}
    rotation: {x: -0, y: 0.8660249, z: -0, w: 0.50000095}
    scale: {x: 0.35, y: 0.35, z: 0.35}
    isPlayer: 0
    useGravity: 1
  - localPosition: {x: 3.0311046, y: 0.18, z: -1.7499735}
    rotation: {x: -0, y: 0.8660249, z: -0, w: 0.50000095}
    scale: {x: 0.35, y: 0.35, z: 0.35}
    isPlayer: 0
    useGravity: 1
  - localPosition: {x: -3.3807356, y: 0.18, z: -0.90588534}
    rotation: {x: -0, y: 0.60875946, z: -0, w: 0.7933548}
    scale: {x: 0.35, y: 0.35, z: 0.35}
    isPlayer: 0
    useGravity: 1
  - localPosition: {x: 3.3807356, y: 0.18, z: 0.90588534}
    rotation: {x: -0, y: 0.60875946, z: -0, w: 0.7933548}
    scale: {x: 0.35, y: 0.35, z: 0.35}
    isPlayer: 0
    useGravity: 1
  - localPosition: {x: -0.9059077, y: 0.18, z: 3.3807294}
    rotation: {x: -0, y: 0.9914446, z: -0, w: 0.13052872}
    scale: {x: 0.35, y: 0.35, z: 0.35}
    isPlayer: 0
    useGravity: 1
  - localPosition: {x: 0.9059077, y: 0.18, z: -3.3807294}
    rotation: {x: -0, y: 0.9914446, z: -0, w: 0.13052872}
    scale: {x: 0.35, y: 0.35, z: 0.35}
    isPlayer: 0
    useGravity: 1
  - localPosition: {x: -0.9058629, y: 0.18, z: -3.3807414}
    rotation: {x: -0, y: 0.1305257, z: -0, w: 0.99144495}
    scale: {x: 0.35, y: 0.35, z: 0.35}
    isPlayer: 0
    useGravity: 1
  - localPosition: {x: 0.9058629, y: 0.18, z: 3.3807414}
    rotation: {x: -0, y: 0.1305257, z: -0, w: 0.99144495}
    scale: {x: 0.35, y: 0.35, z: 0.35}
    isPlayer: 0
    useGravity: 1
  - localPosition: {x: -3.3807476, y: 0.18, z: 0.9058407}
    rotation: {x: -0, y: 0.793353, z: -0, w: 0.6087619}
    scale: {x: 0.35, y: 0.35, z: 0.35}
    isPlayer: 0
    useGravity: 1
  - localPosition: {x: 3.3807476, y: 0.18, z: -0.9058407}
    rotation: {x: -0, y: 0.793353, z: -0, w: 0.6087619}
    scale: {x: 0.35, y: 0.35, z: 0.35}
    isPlayer: 0
    useGravity: 1
  - localPosition: {x: -3.0310814, y: 0.18, z: -1.7500135}
    rotation: {x: -0, y: 0.49999833, z: -0, w: 0.8660264}
    scale: {x: 0.35, y: 0.35, z: 0.35}
    isPlayer: 0
    useGravity: 1
  - localPosition: {x: 3.0310814, y: 0.18, z: 1.7500135}
    rotation: {x: -0, y: 0.49999833, z: -0, w: 0.8660264}
    scale: {x: 0.35, y: 0.35, z: 0.35}
    isPlayer: 0
    useGravity: 1
  - localPosition: {x: -1.7500335, y: 0.18, z: 3.0310698}
    rotation: {x: -0, y: 0.9659253, z: -0, w: 0.258821}
    scale: {x: 0.35, y: 0.35, z: 0.35}
    isPlayer: 0
    useGravity: 1
  - localPosition: {x: 1.7500335, y: 0.18, z: -3.0310698}
    rotation: {x: -0, y: 0.9659253, z: -0, w: 0.258821}
    scale: {x: 0.35, y: 0.35, z: 0.35}
    isPlayer: 0
    useGravity: 1
  - localPosition: {x: -2.1306574, y: 0.18, z: -2.7767427}
    rotation: {x: -0, y: 0.3214383, z: -0, w: 0.9469305}
    scale: {x: 0.35, y: 0.35, z: 0.35}
    isPlayer: 0
    useGravity: 1
  - localPosition: {x: 2.1306574, y: 0.18, z: 2.7767427}
    rotation: {x: -0, y: 0.3214383, z: -0, w: 0.9469305}
    scale: {x: 0.35, y: 0.35, z: 0.35}
    isPlayer: 0
    useGravity: 1
  - localPosition: {x: -2.7767568, y: 0.18, z: 2.1306393}
    rotation: {x: -0, y: 0.8968722, z: -0, w: 0.4422899}
    scale: {x: 0.35, y: 0.35, z: 0.35}
    isPlayer: 0
    useGravity: 1
  - localPosition: {x: 2.7767568, y: 0.18, z: -2.1306393}
    rotation: {x: -0, y: 0.8968722, z: -0, w: 0.4422899}
    scale: {x: 0.35, y: 0.35, z: 0.35}
    isPlayer: 0
    useGravity: 1
  - localPosition: {x: -3.4700544, y: 0.18, z: -0.45686272}
    rotation: {x: -0, y: 0.6593438, z: -0, w: 0.75184166}
    scale: {x: 0.35, y: 0.35, z: 0.35}
    isPlayer: 0
    useGravity: 1
  - localPosition: {x: 3.4700544, y: 0.18, z: 0.45686272}
    rotation: {x: -0, y: 0.6593438, z: -0, w: 0.75184166}
    scale: {x: 0.35, y: 0.35, z: 0.35}
    isPlayer: 0
    useGravity: 1
  - localPosition: {x: -0.4568857, y: 0.18, z: 3.4700513}
    rotation: {x: -0, y: 0.99785876, z: -0, w: 0.06540593}
    scale: {x: 0.35, y: 0.35, z: 0.35}
    isPlayer: 0
    useGravity: 1
  - localPosition: {x: 0.4568857, y: 0.18, z: -3.4700513}
    rotation: {x: -0, y: 0.99785876, z: -0, w: 0.06540593}
    scale: {x: 0.35, y: 0.35, z: 0.35}
    isPlayer: 0
    useGravity: 1
  - localPosition: {x: -0.22891434, y: 0.53, z: -3.492506}
    rotation: {x: -0, y: 0.032719612, z: -0, w: 0.9994646}
    scale: {x: 0.35, y: 0.35, z: 0.35}
    isPlayer: 0
    useGravity: 1
  - localPosition: {x: 0.22891434, y: 0.53, z: 3.492506}
    rotation: {x: -0, y: 0.032719612, z: -0, w: 0.9994646}
    scale: {x: 0.35, y: 0.35, z: 0.35}
    isPlayer: 0
    useGravity: 1
  - localPosition: {x: -3.4925077, y: 0.53, z: 0.22889133}
    rotation: {x: -0, y: 0.7298644, z: -0, w: 0.683592}
    scale: {x: 0.35, y: 0.35, z: 0.35}
    isPlayer: 0
    useGravity: 1
  - localPosition: {x: 3.4925077, y: 0.53, z: -0.22889133}
    rotation: {x: -0, y: 0.7298644, z: -0, w: 0.683592}
    scale: {x: 0.35, y: 0.35, z: 0.35}
    isPlayer: 0
    useGravity: 1
  - localPosition: {x: -2.6314342, y: 0.53, z: -2.3077166}
    rotation: {x: -0, y: 0.41270623, z: -0, w: 0.91086423}
    scale: {x: 0.35, y: 0.35, z: 0.35}
    isPlayer: 0
    useGravity: 1
  - localPosition: {x: 2.6314342, y: 0.53, z: 2.3077166}
    rotation: {x: -0, y: 0.41270623, z: -0, w: 0.91086423}
    scale: {x: 0.35, y: 0.35, z: 0.35}
    isPlayer: 0
    useGravity: 1
  - localPosition: {x: -2.307734, y: 0.53, z: 2.631419}
    rotation: {x: -0, y: 0.93590564, z: -0, w: 0.35225102}
    scale: {x: 0.35, y: 0.35, z: 0.35}
    isPlayer: 0
    useGravity: 1
  - localPosition: {x: 2.307734, y: 0.53, z: -2.631419}
    rotation: {x: -0, y: 0.93590564, z: -0, w: 0.35225102}
    scale: {x: 0.35, y: 0.35, z: 0.35}
    isPlayer: 0
    useGravity: 1
  - localPosition: {x: -1.5480083, y: 0.53, z: -3.1390557}
    rotation: {x: -0, y: 0.22707605, z: -0, w: 0.973877}
    scale: {x: 0.35, y: 0.35, z: 0.35}
    isPlayer: 0
    useGravity: 1
  - localPosition: {x: 1.5480083, y: 0.53, z: 3.1390557}
    rotation: {x: -0, y: 0.22707605, z: -0, w: 0.973877}
    scale: {x: 0.35, y: 0.35, z: 0.35}
    isPlayer: 0
    useGravity: 1
  - localPosition: {x: -3.139066, y: 0.53, z: 1.5479877}
    rotation: {x: -0, y: 0.84920204, z: -0, w: 0.5280681}
    scale: {x: 0.35, y: 0.35, z: 0.35}
    isPlayer: 0
    useGravity: 1
  - localPosition: {x: 3.139066, y: 0.53, z: -1.5479877}
    rotation: {x: -0, y: 0.84920204, z: -0, w: 0.5280681}
    scale: {x: 0.35, y: 0.35, z: 0.35}
    isPlayer: 0
    useGravity: 1
  - localPosition: {x: -3.3142512, y: 0.53, z: -1.1250514}
    rotation: {x: -0, y: 0.5824763, z: -0, w: 0.8128477}
    scale: {x: 0.35, y: 0.35, z: 0.35}
    isPlayer: 0
    useGravity: 1
  - localPosition: {x: 3.3142512, y: 0.53, z: 1.1250514}
    rotation: {x: -0, y: 0.5824763, z: -0, w: 0.8128477}
    scale: {x: 0.35, y: 0.35, z: 0.35}
    isPlayer: 0
    useGravity: 1
  - localPosition: {x: -1.1250733, y: 0.53, z: 3.3142436}
    rotation: {x: -0, y: 0.98664314, z: -0, w: 0.16289723}
    scale: {x: 0.35, y: 0.35, z: 0.35}
    isPlayer: 0
    useGravity: 1
  - localPosition: {x: 1.1250733, y: 0.53, z: -3.3142436}
    rotation: {x: -0, y: 0.98664314, z: -0, w: 0.16289723}
    scale: {x: 0.35, y: 0.35, z: 0.35}
    isPlayer: 0
    useGravity: 1
  - localPosition: {x: -0.6828176, y: 0.53, z: -3.432748}
    rotation: {x: -0, y: 0.09801745, z: -0, w: 0.9951847}
    scale: {x: 0.35, y: 0.35, z: 0.35}
    isPlayer: 0
    useGravity: 1
  - localPosition: {x: 0.6828176, y: 0.53, z: 3.432748}
    rotation: {x: -0, y: 0.09801745, z: -0, w: 0.9951847}
    scale: {x: 0.35, y: 0.35, z: 0.35}
    isPlayer: 0
    useGravity: 1
  - localPosition: {x: -3.432753, y: 0.53, z: 0.68279505}
    rotation: {x: -0, y: 0.77301055, z: -0, w: 0.6343932}
    scale: {x: 0.35, y: 0.35, z: 0.35}
    isPlayer: 0
    useGravity: 1
  - localPosition: {x: 3.432753, y: 0.53, z: -0.68279505}
    rotation: {x: -0, y: 0.77301055, z: -0, w: 0.6343932}
    scale: {x: 0.35, y: 0.35, z: 0.35}
    isPlayer: 0
    useGravity: 1
  - localPosition: {x: -2.9101381, y: 0.53, z: -1.9445043}
    rotation: {x: -0, y: 0.47139576, z: -0, w: 0.8819218}
    scale: {x: 0.35, y: 0.35, z: 0.35}
    isPlayer: 0
    useGravity: 1
  - localPosition: {x: 2.9101381, y: 0.53, z: 1.9445043}
    rotation: {x: -0, y: 0.47139576, z: -0, w: 0.8819218}
    scale: {x: 0.35, y: 0.35, z: 0.35}
    isPlayer: 0
    useGravity: 1
  - localPosition: {x: -1.9445235, y: 0.53, z: 2.9101253}
    rotation: {x: -0, y: 0.95693994, z: -0, w: 0.29028594}
    scale: {x: 0.35, y: 0.35, z: 0.35}
    isPlayer: 0
    useGravity: 1
  - localPosition: {x: 1.9445235, y: 0.53, z: -2.9101253}
    rotation: {x: -0, y: 0.95693994, z: -0, w: 0.29028594}
    scale: {x: 0.35, y: 0.35, z: 0.35}
    isPlayer: 0
    useGravity: 1
  - localPosition: {x: -1.9444922, y: 0.53, z: -2.9101462}
    rotation: {x: -0, y: 0.29028428, z: -0, w: 0.9569405}
    scale: {x: 0.35, y: 0.35, z: 0.35}
    isPlayer: 0
    useGravity: 1
  - localPosition: {x: 1.9444922, y: 0.53, z: 2.9101462}
    rotation: {x: -0, y: 0.29028428, z: -0, w: 0.9569405}
    scale: {x: 0.35, y: 0.35, z: 0.35}
    isPlayer: 0
    useGravity: 1
  - localPosition: {x: -2.910159, y: 0.53, z: 1.9444733}
    rotation: {x: -0, y: 0.881921, z: -0, w: 0.47139725}
    scale: {x: 0.35, y: 0.35, z: 0.35}
    isPlayer: 0
    useGravity: 1
  - localPosition: {x: 2.910159, y: 0.53, z: -1.9444733}
    rotation: {x: -0, y: 0.881921, z: -0, w: 0.47139725}
    scale: {x: 0.35, y: 0.35, z: 0.35}
    isPlayer: 0
    useGravity: 1
  - localPosition: {x: -3.4327457, y: 0.53, z: -0.6828317}
    rotation: {x: -0, y: 0.6343919, z: -0, w: 0.7730116}
    scale: {x: 0.35, y: 0.35, z: 0.35}
    isPlayer: 0
    useGravity: 1
  - localPosition: {x: 3.4327457, y: 0.53, z: 0.6828317}
    rotation: {x: -0, y: 0.6343919, z: -0, w: 0.7730116}
    scale: {x: 0.35, y: 0.35, z: 0.35}
    isPlayer: 0
    useGravity: 1
  - localPosition: {x: -0.6828544, y: 0.53, z: 3.432741}
    rotation: {x: -0, y: 0.9951846, z: -0, w: 0.09801914}
    scale: {x: 0.35, y: 0.35, z: 0.35}
    isPlayer: 0
    useGravity: 1
  - localPosition: {x: 0.6828544, y: 0.53, z: -3.432741}
    rotation: {x: -0, y: 0.9951846, z: -0, w: 0.09801914}
    scale: {x: 0.35, y: 0.35, z: 0.35}
    isPlayer: 0
    useGravity: 1
  - localPosition: {x: -1.1250377, y: 0.53, z: -3.3142555}
    rotation: {x: -0, y: 0.16289553, z: -0, w: 0.9866433}
    scale: {x: 0.35, y: 0.35, z: 0.35}
    isPlayer: 0
    useGravity: 1
  - localPosition: {x: 1.1250377, y: 0.53, z: 3.3142555}
    rotation: {x: -0, y: 0.16289553, z: -0, w: 0.9866433}
    scale: {x: 0.35, y: 0.35, z: 0.35}
    isPlayer: 0
    useGravity: 1
  - localPosition: {x: -3.314263, y: 0.53, z: 1.125016}
    rotation: {x: -0, y: 0.81284666, z: -0, w: 0.58247775}
    scale: {x: 0.35, y: 0.35, z: 0.35}
    isPlayer: 0
    useGravity: 1
  - localPosition: {x: 3.314263, y: 0.53, z: -1.125016}
    rotation: {x: -0, y: 0.81284666, z: -0, w: 0.58247775}
    scale: {x: 0.35, y: 0.35, z: 0.35}
    isPlayer: 0
    useGravity: 1
  - localPosition: {x: -3.1390495, y: 0.53, z: -1.5480213}
    rotation: {x: -0, y: 0.52806664, z: -0, w: 0.84920293}
    scale: {x: 0.35, y: 0.35, z: 0.35}
    isPlayer: 0
    useGravity: 1
  - localPosition: {x: 3.1390495, y: 0.53, z: 1.5480213}
    rotation: {x: -0, y: 0.52806664, z: -0, w: 0.84920293}
    scale: {x: 0.35, y: 0.35, z: 0.35}
    isPlayer: 0
    useGravity: 1
  - localPosition: {x: -1.548042, y: 0.53, z: 3.1390393}
    rotation: {x: -0, y: 0.97387666, z: -0, w: 0.22707774}
    scale: {x: 0.35, y: 0.35, z: 0.35}
    isPlayer: 0
    useGravity: 1
  - localPosition: {x: 1.548042, y: 0.53, z: -3.1390393}
    rotation: {x: -0, y: 0.97387666, z: -0, w: 0.22707774}
    scale: {x: 0.35, y: 0.35, z: 0.35}
    isPlayer: 0
    useGravity: 1
  - localPosition: {x: -2.3077059, y: 0.53, z: -2.6314435}
    rotation: {x: -0, y: 0.3522494, z: -0, w: 0.9359062}
    scale: {x: 0.35, y: 0.35, z: 0.35}
    isPlayer: 0
    useGravity: 1
  - localPosition: {x: 2.3077059, y: 0.53, z: 2.6314435}
    rotation: {x: -0, y: 0.3522494, z: -0, w: 0.9359062}
    scale: {x: 0.35, y: 0.35, z: 0.35}
    isPlayer: 0
    useGravity: 1
  - localPosition: {x: -2.6314588, y: 0.53, z: 2.3076887}
    rotation: {x: -0, y: 0.9108635, z: -0, w: 0.4127078}
    scale: {x: 0.35, y: 0.35, z: 0.35}
    isPlayer: 0
    useGravity: 1
  - localPosition: {x: 2.6314588, y: 0.53, z: -2.3076887}
    rotation: {x: -0, y: 0.9108635, z: -0, w: 0.4127078}
    scale: {x: 0.35, y: 0.35, z: 0.35}
    isPlayer: 0
    useGravity: 1
  - localPosition: {x: -3.4925053, y: 0.53, z: -0.22892871}
    rotation: {x: -0, y: 0.6835907, z: -0, w: 0.7298656}
    scale: {x: 0.35, y: 0.35, z: 0.35}
    isPlayer: 0
    useGravity: 1
  - localPosition: {x: 3.4925053, y: 0.53, z: 0.22892871}
    rotation: {x: -0, y: 0.6835907, z: -0, w: 0.7298656}
    scale: {x: 0.35, y: 0.35, z: 0.35}
    isPlayer: 0
    useGravity: 1
  - localPosition: {x: -0.22895186, y: 0.53, z: 3.4925036}
    rotation: {x: -0, y: 0.9994645, z: -0, w: 0.032721344}
    scale: {x: 0.35, y: 0.35, z: 0.35}
    isPlayer: 0
    useGravity: 1
  - localPosition: {x: 0.22895186, y: 0.53, z: -3.4925036}
    rotation: {x: -0, y: 0.9994645, z: -0, w: 0.032721344}
    scale: {x: 0.35, y: 0.35, z: 0.35}
    isPlayer: 0
    useGravity: 1
  - localPosition: {x: 0, y: 0.88000005, z: -3.5}
    rotation: {x: -0, y: -0, z: -0, w: 1}
    scale: {x: 0.35, y: 0.35, z: 0.35}
    isPlayer: 0
    useGravity: 1
  - localPosition: {x: 0, y: 0.88000005, z: 3.5}
    rotation: {x: -0, y: -0, z: -0, w: 1}
    scale: {x: 0.35, y: 0.35, z: 0.35}
    isPlayer: 0
    useGravity: 1
  - localPosition: {x: -3.5000002, y: 0.88000005, z: -0.000023126227}
    rotation: {x: -0, y: 0.7071068, z: -0, w: 0.7071068}
    scale: {x: 0.35, y: 0.35, z: 0.35}
    isPlayer: 0
    useGravity: 1
  - localPosition: {x: 3.5000002, y: 0.88000005, z: 0.000023126227}
    rotation: {x: -0, y: 0.7071068, z: -0, w: 0.7071068}
    scale: {x: 0.35, y: 0.35, z: 0.35}
    isPlayer: 0
    useGravity: 1
  - localPosition: {x: -2.4748657, y: 0.88000005, z: -2.4748821}
    rotation: {x: -0, y: 0.38268209, z: -0, w: 0.9238801}
    scale: {x: 0.35, y: 0.35, z: 0.35}
    isPlayer: 0
    useGravity: 1
  - localPosition: {x: 2.4748657, y: 0.88000005, z: 2.4748821}
    rotation: {x: -0, y: 0.38268209, z: -0, w: 0.9238801}
    scale: {x: 0.35, y: 0.35, z: 0.35}
    isPlayer: 0
    useGravity: 1
  - localPosition: {x: -2.4748983, y: 0.88000005, z: 2.4748495}
    rotation: {x: -0, y: 0.92387897, z: -0, w: 0.3826849}
    scale: {x: 0.35, y: 0.35, z: 0.35}
    isPlayer: 0
    useGravity: 1
  - localPosition: {x: 2.4748983, y: 0.88000005, z: -2.4748495}
    rotation: {x: -0, y: 0.92387897, z: -0, w: 0.3826849}
    scale: {x: 0.35, y: 0.35, z: 0.35}
    isPlayer: 0
    useGravity: 1
  - localPosition: {x: -1.3393867, y: 0.88000005, z: -3.2335806}
    rotation: {x: -0, y: 0.1950896, z: -0, w: 0.9807854}
    scale: {x: 0.35, y: 0.35, z: 0.35}
    isPlayer: 0
    useGravity: 1
  - localPosition: {x: 1.3393867, y: 0.88000005, z: 3.2335806}
    rotation: {x: -0, y: 0.1950896, z: -0, w: 0.9807854}
    scale: {x: 0.35, y: 0.35, z: 0.35}
    isPlayer: 0
    useGravity: 1
  - localPosition: {x: -3.2335896, y: 0.88000005, z: 1.3393655}
    rotation: {x: -0, y: 0.8314692, z: -0, w: 0.55557096}
    scale: {x: 0.35, y: 0.35, z: 0.35}
    isPlayer: 0
    useGravity: 1
  - localPosition: {x: 3.2335896, y: 0.88000005, z: -1.3393655}
    rotation: {x: -0, y: 0.8314692, z: -0, w: 0.55557096}
    scale: {x: 0.35, y: 0.35, z: 0.35}
    isPlayer: 0
    useGravity: 1
  - localPosition: {x: -3.233572, y: 0.88000005, z: -1.3394082}
    rotation: {x: -0, y: 0.5555684, z: -0, w: 0.83147085}
    scale: {x: 0.35, y: 0.35, z: 0.35}
    isPlayer: 0
    useGravity: 1
  - localPosition: {x: 3.233572, y: 0.88000005, z: 1.3394082}
    rotation: {x: -0, y: 0.5555684, z: -0, w: 0.83147085}
    scale: {x: 0.35, y: 0.35, z: 0.35}
    isPlayer: 0
    useGravity: 1
  - localPosition: {x: -1.3394295, y: 0.88000005, z: 3.233563}
    rotation: {x: -0, y: 0.98078483, z: -0, w: 0.19509257}
    scale: {x: 0.35, y: 0.35, z: 0.35}
    isPlayer: 0
    useGravity: 1
  - localPosition: {x: 1.3394295, y: 0.88000005, z: -3.233563}
    rotation: {x: -0, y: 0.98078483, z: -0, w: 0.19509257}
    scale: {x: 0.35, y: 0.35, z: 0.35}
    isPlayer: 0
    useGravity: 1
  - localPosition: {x: -0.45683974, y: 0.88000005, z: -3.4700572}
    rotation: {x: -0, y: 0.06540288, z: -0, w: 0.99785894}
    scale: {x: 0.35, y: 0.35, z: 0.35}
    isPlayer: 0
    useGravity: 1
  - localPosition: {x: 0.45683974, y: 0.88000005, z: 3.4700572}
    rotation: {x: -0, y: 0.06540288, z: -0, w: 0.99785894}
    scale: {x: 0.35, y: 0.35, z: 0.35}
    isPlayer: 0
    useGravity: 1
  - localPosition: {x: -3.4700606, y: 0.88000005, z: 0.4568169}
    rotation: {x: -0, y: 0.75183964, z: -0, w: 0.6593461}
    scale: {x: 0.35, y: 0.35, z: 0.35}
    isPlayer: 0
    useGravity: 1
  - localPosition: {x: 3.4700606, y: 0.88000005, z: -0.4568169}
    rotation: {x: -0, y: 0.75183964, z: -0, w: 0.6593461}
    scale: {x: 0.35, y: 0.35, z: 0.35}
    isPlayer: 0
    useGravity: 1
  - localPosition: {x: -2.7767286, y: 0.88000005, z: -2.1306758}
    rotation: {x: -0, y: 0.44228718, z: -0, w: 0.8968735}
    scale: {x: 0.35, y: 0.35, z: 0.35}
    isPlayer: 0
    useGravity: 1
  - localPosition: {x: 2.7767286, y: 0.88000005, z: 2.1306758}
    rotation: {x: -0, y: 0.44228718, z: -0, w: 0.8968735}
    scale: {x: 0.35, y: 0.35, z: 0.35}
    isPlayer: 0
    useGravity: 1
  - localPosition: {x: -2.1306942, y: 0.88000005, z: 2.7767146}
    rotation: {x: -0, y: 0.9469296, z: -0, w: 0.3214412}
    scale: {x: 0.35, y: 0.35, z: 0.35}
    isPlayer: 0
    useGravity: 1
  - localPosition: {x: 2.1306942, y: 0.88000005, z: -2.7767146}
    rotation: {x: -0, y: 0.9469296, z: -0, w: 0.3214412}
    scale: {x: 0.35, y: 0.35, z: 0.35}
    isPlayer: 0
    useGravity: 1
  - localPosition: {x: -1.7499933, y: 0.88000005, z: -3.031093}
    rotation: {x: -0, y: 0.25881812, z: -0, w: 0.9659261}
    scale: {x: 0.35, y: 0.35, z: 0.35}
    isPlayer: 0
    useGravity: 1
  - localPosition: {x: 1.7499933, y: 0.88000005, z: 3.031093}
    rotation: {x: -0, y: 0.25881812, z: -0, w: 0.9659261}
    scale: {x: 0.35, y: 0.35, z: 0.35}
    isPlayer: 0
    useGravity: 1
  - localPosition: {x: -3.0311046, y: 0.88000005, z: 1.7499735}
    rotation: {x: -0, y: 0.8660249, z: -0, w: 0.50000095}
    scale: {x: 0.35, y: 0.35, z: 0.35}
    isPlayer: 0
    useGravity: 1
  - localPosition: {x: 3.0311046, y: 0.88000005, z: -1.7499735}
    rotation: {x: -0, y: 0.8660249, z: -0, w: 0.50000095}
    scale: {x: 0.35, y: 0.35, z: 0.35}
    isPlayer: 0
    useGravity: 1
  - localPosition: {x: -3.3807356, y: 0.88000005, z: -0.90588534}
    rotation: {x: -0, y: 0.60875946, z: -0, w: 0.7933548}
    scale: {x: 0.35, y: 0.35, z: 0.35}
    isPlayer: 0
    useGravity: 1
  - localPosition: {x: 3.3807356, y: 0.88000005, z: 0.90588534}
    rotation: {x: -0, y: 0.60875946, z: -0, w: 0.7933548}
    scale: {x: 0.35, y: 0.35, z: 0.35}
    isPlayer: 0
    useGravity: 1
  - localPosition: {x: -0.9059077, y: 0.88000005, z: 3.3807294}
    rotation: {x: -0, y: 0.9914446, z: -0, w: 0.13052872}
    scale: {x: 0.35, y: 0.35, z: 0.35}
    isPlayer: 0
    useGravity: 1
  - localPosition: {x: 0.9059077, y: 0.88000005, z: -3.3807294}
    rotation: {x: -0, y: 0.9914446, z: -0, w: 0.13052872}
    scale: {x: 0.35, y: 0.35, z: 0.35}
    isPlayer: 0
    useGravity: 1
  - localPosition: {x: -0.9058629, y: 0.88000005, z: -3.3807414}
    rotation: {x: -0, y: 0.1305257, z: -0, w: 0.99144495}
    scale: {x: 0.35, y: 0.35, z: 0.35}
    isPlayer: 0
    useGravity: 1
  - localPosition: {x: 0.9058629, y: 0.88000005, z: 3.3807414}
    rotation: {x: -0, y: 0.1305257, z: -0, w: 0.99144495}
    scale: {x: 0.35, y: 0.35, z: 0.35}
    isPlayer: 0
    useGravity: 1
  - localPosition: {x: -3.3807476, y: 0.88000005, z: 0.9058407}
    rotation: {x: -0, y: 0.793353, z: -0, w: 0.6087619}
    scale: {x: 0.35, y: 0.35, z: 0.35}
    isPlayer: 0
    useGravity: 1
  - localPosition: {x: 3.3807476, y: 0.88000005, z: -0.9058407}
    rotation: {x: -0, y: 0.793353, z: -0, w: 0.6087619}
    scale: {x: 0.35, y: 0.35, z: 0.35}
    isPlayer: 0
    useGravity: 1
  - localPosition: {x: -3.0310814, y: 0.88000005, z: -1.7500135}
    rotation: {x: -0, y: 0.49999833, z: -0, w: 0.8660264}
    scale: {x: 0.35, y: 0.35, z: 0.35}
    isPlayer: 0
    useGravity: 1
  - localPosition: {x: 3.0310814, y: 0.88000005, z: 1.7500135}
    rotation: {x: -0, y: 0.49999833, z: -0, w: 0.8660264}
    scale: {x: 0.35, y: 0.35, z: 0.35}
    isPlayer: 0
    useGravity: 1
  - localPosition: {x: -1.7500335, y: 0.88000005, z: 3.0310698}
    rotation: {x: -0, y: 0.9659253, z: -0, w: 0.258821}
    scale: {x: 0.35, y: 0.35, z: 0.35}
    isPlayer: 0
    useGravity: 1
  - localPosition: {x: 1.7500335, y: 0.88000005, z: -3.0310698}
    rotation: {x: -0, y: 0.9659253, z: -0, w: 0.258821}
    scale: {x: 0.35, y: 0.35, z: 0.35}
    isPlayer: 0
    useGravity: 1
  - localPosition: {x: -2.1306574, y: 0.88000005, z: -2.7767427}
    rotation: {x: -0, y: 0.3214383, z: -0, w: 0.9469305}
    scale: {x: 0.35, y: 0.35, z: 0.35}
    isPlayer: 0
    useGravity: 1
  - localPosition: {x: 2.1306574, y: 0.88000005, z: 2.7767427}
    rotation: {x: -0, y: 0.3214383, z: -0, w: 0.9469305}
    scale: {x: 0.35, y: 0.35, z: 0.35}
    isPlayer: 0
    useGravity: 1
  - localPosition: {x: -2.7767568, y: 0.88000005, z: 2.1306393}
    rotation: {x: -0, y: 0.8968722, z: -0, w: 0.4422899}
    scale: {x: 0.35, y: 0.35, z: 0.35}
    isPlayer: 0
    useGravity: 1
  - localPosition: {x: 2.7767568, y: 0.88000005, z: -2.1306393}
    rotation: {x: -0, y: 0.8968722, z: -0, w: 0.4422899}
    scale: {x: 0.35, y: 0.35, z: 0.35}
    isPlayer: 0
    useGravity: 1
  - localPosition: {x: -3.4700544, y: 0.88000005, z: -0.45686272}
    rotation: {x: -0, y: 0.6593438, z: -0, w: 0.75184166}
    scale: {x: 0.35, y: 0.35, z: 0.35}
    isPlayer: 0
    useGravity: 1
  - localPosition: {x: 3.4700544, y: 0.88000005, z: 0.45686272}
    rotation: {x: -0, y: 0.6593438, z: -0, w: 0.75184166}
    scale: {x: 0.35, y: 0.35, z: 0.35}
    isPlayer: 0
    useGravity: 1
  - localPosition: {x: -0.4568857, y: 0.88000005, z: 3.4700513}
    rotation: {x: -0, y: 0.99785876, z: -0, w: 0.06540593}
    scale: {x: 0.35, y: 0.35, z: 0.35}
    isPlayer: 0
    useGravity: 1
  - localPosition: {x: 0.4568857, y: 0.88000005, z: -3.4700513}
    rotation: {x: -0, y: 0.99785876, z: -0, w: 0.06540593}
    scale: {x: 0.35, y: 0.35, z: 0.35}
    isPlayer: 0
    useGravity: 1
  - localPosition: {x: -0.22891434, y: 1.23, z: -3.492506}
    rotation: {x: -0, y: 0.032719612, z: -0, w: 0.9994646}
    scale: {x: 0.35, y: 0.35, z: 0.35}
    isPlayer: 0
    useGravity: 1
  - localPosition: {x: 0.22891434, y: 1.23, z: 3.492506}
    rotation: {x: -0, y: 0.032719612, z: -0, w: 0.9994646}
    scale: {x: 0.35, y: 0.35, z: 0.35}
    isPlayer: 0
    useGravity: 1
  - localPosition: {x: -3.4925077, y: 1.23, z: 0.22889133}
    rotation: {x: -0, y: 0.7298644, z: -0, w: 0.683592}
    scale: {x: 0.35, y: 0.35, z: 0.35}
    isPlayer: 0
    useGravity: 1
  - localPosition: {x: 3.4925077, y: 1.23, z: -0.22889133}
    rotation: {x: -0, y: 0.7298644, z: -0, w: 0.683592}
    scale: {x: 0.35, y: 0.35, z: 0.35}
    isPlayer: 0
    useGravity: 1
  - localPosition: {x: -2.6314342, y: 1.23, z: -2.3077166}
    rotation: {x: -0, y: 0.41270623, z: -0, w: 0.91086423}
    scale: {x: 0.35, y: 0.35, z: 0.35}
    isPlayer: 0
    useGravity: 1
  - localPosition: {x: 2.6314342, y: 1.23, z: 2.3077166}
    rotation: {x: -0, y: 0.41270623, z: -0, w: 0.91086423}
    scale: {x: 0.35, y: 0.35, z: 0.35}
    isPlayer: 0
    useGravity: 1
  - localPosition: {x: -2.307734, y: 1.23, z: 2.631419}
    rotation: {x: -0, y: 0.93590564, z: -0, w: 0.35225102}
    scale: {x: 0.35, y: 0.35, z: 0.35}
    isPlayer: 0
    useGravity: 1
  - localPosition: {x: 2.307734, y: 1.23, z: -2.631419}
    rotation: {x: -0, y: 0.93590564, z: -0, w: 0.35225102}
    scale: {x: 0.35, y: 0.35, z: 0.35}
    isPlayer: 0
    useGravity: 1
  - localPosition: {x: -1.5480083, y: 1.23, z: -3.1390557}
    rotation: {x: -0, y: 0.22707605, z: -0, w: 0.973877}
    scale: {x: 0.35, y: 0.35, z: 0.35}
    isPlayer: 0
    useGravity: 1
  - localPosition: {x: 1.5480083, y: 1.23, z: 3.1390557}
    rotation: {x: -0, y: 0.22707605, z: -0, w: 0.973877}
    scale: {x: 0.35, y: 0.35, z: 0.35}
    isPlayer: 0
    useGravity: 1
  - localPosition: {x: -3.139066, y: 1.23, z: 1.5479877}
    rotation: {x: -0, y: 0.84920204, z: -0, w: 0.5280681}
    scale: {x: 0.35, y: 0.35, z: 0.35}
    isPlayer: 0
    useGravity: 1
  - localPosition: {x: 3.139066, y: 1.23, z: -1.5479877}
    rotation: {x: -0, y: 0.84920204, z: -0, w: 0.5280681}
    scale: {x: 0.35, y: 0.35, z: 0.35}
    isPlayer: 0
    useGravity: 1
  - localPosition: {x: -3.3142512, y: 1.23, z: -1.1250514}
    rotation: {x: -0, y: 0.5824763, z: -0, w: 0.8128477}
    scale: {x: 0.35, y: 0.35, z: 0.35}
    isPlayer: 0
    useGravity: 1
  - localPosition: {x: 3.3142512, y: 1.23, z: 1.1250514}
    rotation: {x: -0, y: 0.5824763, z: -0, w: 0.8128477}
    scale: {x: 0.35, y: 0.35, z: 0.35}
    isPlayer: 0
    useGravity: 1
  - localPosition: {x: -1.1250733, y: 1.23, z: 3.3142436}
    rotation: {x: -0, y: 0.98664314, z: -0, w: 0.16289723}
    scale: {x: 0.35, y: 0.35, z: 0.35}
    isPlayer: 0
    useGravity: 1
  - localPosition: {x: 1.1250733, y: 1.23, z: -3.3142436}
    rotation: {x: -0, y: 0.98664314, z: -0, w: 0.16289723}
    scale: {x: 0.35, y: 0.35, z: 0.35}
    isPlayer: 0
    useGravity: 1
  - localPosition: {x: -0.6828176, y: 1.23, z: -3.432748}
    rotation: {x: -0, y: 0.09801745, z: -0, w: 0.9951847}
    scale: {x: 0.35, y: 0.35, z: 0.35}
    isPlayer: 0
    useGravity: 1
  - localPosition: {x: 0.6828176, y: 1.23, z: 3.432748}
    rotation: {x: -0, y: 0.09801745, z: -0, w: 0.9951847}
    scale: {x: 0.35, y: 0.35, z: 0.35}
    isPlayer: 0
    useGravity: 1
  - localPosition: {x: -3.432753, y: 1.23, z: 0.68279505}
    rotation: {x: -0, y: 0.77301055, z: -0, w: 0.6343932}
    scale: {x: 0.35, y: 0.35, z: 0.35}
    isPlayer: 0
    useGravity: 1
  - localPosition: {x: 3.432753, y: 1.23, z: -0.68279505}
    rotation: {x: -0, y: 0.77301055, z: -0, w: 0.6343932}
    scale: {x: 0.35, y: 0.35, z: 0.35}
    isPlayer: 0
    useGravity: 1
  - localPosition: {x: -2.9101381, y: 1.23, z: -1.9445043}
    rotation: {x: -0, y: 0.47139576, z: -0, w: 0.8819218}
    scale: {x: 0.35, y: 0.35, z: 0.35}
    isPlayer: 0
    useGravity: 1
  - localPosition: {x: 2.9101381, y: 1.23, z: 1.9445043}
    rotation: {x: -0, y: 0.47139576, z: -0, w: 0.8819218}
    scale: {x: 0.35, y: 0.35, z: 0.35}
    isPlayer: 0
    useGravity: 1
  - localPosition: {x: -1.9445235, y: 1.23, z: 2.9101253}
    rotation: {x: -0, y: 0.95693994, z: -0, w: 0.29028594}
    scale: {x: 0.35, y: 0.35, z: 0.35}
    isPlayer: 0
    useGravity: 1
  - localPosition: {x: 1.9445235, y: 1.23, z: -2.9101253}
    rotation: {x: -0, y: 0.95693994, z: -0, w: 0.29028594}
    scale: {x: 0.35, y: 0.35, z: 0.35}
    isPlayer: 0
    useGravity: 1
  - localPosition: {x: -1.9444922, y: 1.23, z: -2.9101462}
    rotation: {x: -0, y: 0.29028428, z: -0, w: 0.9569405}
    scale: {x: 0.35, y: 0.35, z: 0.35}
    isPlayer: 0
    useGravity: 1
  - localPosition: {x: 1.9444922, y: 1.23, z: 2.9101462}
    rotation: {x: -0, y: 0.29028428, z: -0, w: 0.9569405}
    scale: {x: 0.35, y: 0.35, z: 0.35}
    isPlayer: 0
    useGravity: 1
  - localPosition: {x: -2.910159, y: 1.23, z: 1.9444733}
    rotation: {x: -0, y: 0.881921, z: -0, w: 0.47139725}
    scale: {x: 0.35, y: 0.35, z: 0.35}
    isPlayer: 0
    useGravity: 1
  - localPosition: {x: 2.910159, y: 1.23, z: -1.9444733}
    rotation: {x: -0, y: 0.881921, z: -0, w: 0.47139725}
    scale: {x: 0.35, y: 0.35, z: 0.35}
    isPlayer: 0
    useGravity: 1
  - localPosition: {x: -3.4327457, y: 1.23, z: -0.6828317}
    rotation: {x: -0, y: 0.6343919, z: -0, w: 0.7730116}
    scale: {x: 0.35, y: 0.35, z: 0.35}
    isPlayer: 0
    useGravity: 1
  - localPosition: {x: 3.4327457, y: 1.23, z: 0.6828317}
    rotation: {x: -0, y: 0.6343919, z: -0, w: 0.7730116}
    scale: {x: 0.35, y: 0.35, z: 0.35}
    isPlayer: 0
    useGravity: 1
  - localPosition: {x: -0.6828544, y: 1.23, z: 3.432741}
    rotation: {x: -0, y: 0.9951846, z: -0, w: 0.09801914}
    scale: {x: 0.35, y: 0.35, z: 0.35}
    isPlayer: 0
    useGravity: 1
  - localPosition: {x: 0.6828544, y: 1.23, z: -3.432741}
    rotation: {x: -0, y: 0.9951846, z: -0, w: 0.09801914}
    scale: {x: 0.35, y: 0.35, z: 0.35}
    isPlayer: 0
    useGravity: 1
  - localPosition: {x: -1.1250377, y: 1.23, z: -3.3142555}
    rotation: {x: -0, y: 0.16289553, z: -0, w: 0.9866433}
    scale: {x: 0.35, y: 0.35, z: 0.35}
    isPlayer: 0
    useGravity: 1
  - localPosition: {x: 1.1250377, y: 1.23, z: 3.3142555}
    rotation: {x: -0, y: 0.16289553, z: -0, w: 0.9866433}
    scale: {x: 0.35, y: 0.35, z: 0.35}
    isPlayer: 0
    useGravity: 1
  - localPosition: {x: -3.314263, y: 1.23, z: 1.125016}
    rotation: {x: -0, y: 0.81284666, z: -0, w: 0.58247775}
    scale: {x: 0.35, y: 0.35, z: 0.35}
    isPlayer: 0
    useGravity: 1
  - localPosition: {x: 3.314263, y: 1.23, z: -1.125016}
    rotation: {x: -0, y: 0.81284666, z: -0, w: 0.58247775}
    scale: {x: 0.35, y: 0.35, z: 0.35}
    isPlayer: 0
    useGravity: 1
  - localPosition: {x: -3.1390495, y: 1.23, z: -1.5480213}
    rotation: {x: -0, y: 0.52806664, z: -0, w: 0.84920293}
    scale: {x: 0.35, y: 0.35, z: 0.35}
    isPlayer: 0
    useGravity: 1
  - localPosition: {x: 3.1390495, y: 1.23, z: 1.5480213}
    rotation: {x: -0, y: 0.52806664, z: -0, w: 0.84920293}
    scale: {x: 0.35, y: 0.35, z: 0.35}
    isPlayer: 0
    useGravity: 1
  - localPosition: {x: -1.548042, y: 1.23, z: 3.1390393}
    rotation: {x: -0, y: 0.97387666, z: -0, w: 0.22707774}
    scale: {x: 0.35, y: 0.35, z: 0.35}
    isPlayer: 0
    useGravity: 1
  - localPosition: {x: 1.548042, y: 1.23, z: -3.1390393}
    rotation: {x: -0, y: 0.97387666, z: -0, w: 0.22707774}
    scale: {x: 0.35, y: 0.35, z: 0.35}
    isPlayer: 0
    useGravity: 1
  - localPosition: {x: -2.3077059, y: 1.23, z: -2.6314435}
    rotation: {x: -0, y: 0.3522494, z: -0, w: 0.9359062}
    scale: {x: 0.35, y: 0.35, z: 0.35}
    isPlayer: 0
    useGravity: 1
  - localPosition: {x: 2.3077059, y: 1.23, z: 2.6314435}
    rotation: {x: -0, y: 0.3522494, z: -0, w: 0.9359062}
    scale: {x: 0.35, y: 0.35, z: 0.35}
    isPlayer: 0
    useGravity: 1
  - localPosition: {x: -2.6314588, y: 1.23, z: 2.3076887}
    rotation: {x: -0, y: 0.9108635, z: -0, w: 0.4127078}
    scale: {x: 0.35, y: 0.35, z: 0.35}
    isPlayer: 0
    useGravity: 1
  - localPosition: {x: 2.6314588, y: 1.23, z: -2.3076887}
    rotation: {x: -0, y: 0.9108635, z: -0, w: 0.4127078}
    scale: {x: 0.35, y: 0.35, z: 0.35}
    isPlayer: 0
    useGravity: 1
  - localPosition: {x: -3.4925053, y: 1.23, z: -0.22892871}
    rotation: {x: -0, y: 0.6835907, z: -0, w: 0.7298656}
    scale: {x: 0.35, y: 0.35, z: 0.35}
    isPlayer: 0
    useGravity: 1
  - localPosition: {x: 3.4925053, y: 1.23, z: 0.22892871}
    rotation: {x: -0, y: 0.6835907, z: -0, w: 0.7298656}
    scale: {x: 0.35, y: 0.35, z: 0.35}
    isPlayer: 0
    useGravity: 1
  - localPosition: {x: -0.22895186, y: 1.23, z: 3.4925036}
    rotation: {x: -0, y: 0.9994645, z: -0, w: 0.032721344}
    scale: {x: 0.35, y: 0.35, z: 0.35}
    isPlayer: 0
    useGravity: 1
  - localPosition: {x: 0.22895186, y: 1.23, z: -3.4925036}
    rotation: {x: -0, y: 0.9994645, z: -0, w: 0.032721344}
    scale: {x: 0.35, y: 0.35, z: 0.35}
    isPlayer: 0
    useGravity: 1
  - localPosition: {x: 0, y: 1.58, z: -3.5}
    rotation: {x: -0, y: -0, z: -0, w: 1}
    scale: {x: 0.35, y: 0.35, z: 0.35}
    isPlayer: 0
    useGravity: 1
  - localPosition: {x: 0, y: 1.58, z: 3.5}
    rotation: {x: -0, y: -0, z: -0, w: 1}
    scale: {x: 0.35, y: 0.35, z: 0.35}
    isPlayer: 0
    useGravity: 1
  - localPosition: {x: -3.5000002, y: 1.58, z: -0.000023126227}
    rotation: {x: -0, y: 0.7071068, z: -0, w: 0.7071068}
    scale: {x: 0.35, y: 0.35, z: 0.35}
    isPlayer: 0
    useGravity: 1
  - localPosition: {x: 3.5000002, y: 1.58, z: 0.000023126227}
    rotation: {x: -0, y: 0.7071068, z: -0, w: 0.7071068}
    scale: {x: 0.35, y: 0.35, z: 0.35}
    isPlayer: 0
    useGravity: 1
  - localPosition: {x: -2.4748657, y: 1.58, z: -2.4748821}
    rotation: {x: -0, y: 0.38268209, z: -0, w: 0.9238801}
    scale: {x: 0.35, y: 0.35, z: 0.35}
    isPlayer: 0
    useGravity: 1
  - localPosition: {x: 2.4748657, y: 1.58, z: 2.4748821}
    rotation: {x: -0, y: 0.38268209, z: -0, w: 0.9238801}
    scale: {x: 0.35, y: 0.35, z: 0.35}
    isPlayer: 0
    useGravity: 1
  - localPosition: {x: -2.4748983, y: 1.58, z: 2.4748495}
    rotation: {x: -0, y: 0.92387897, z: -0, w: 0.3826849}
    scale: {x: 0.35, y: 0.35, z: 0.35}
    isPlayer: 0
    useGravity: 1
  - localPosition: {x: 2.4748983, y: 1.58, z: -2.4748495}
    rotation: {x: -0, y: 0.92387897, z: -0, w: 0.3826849}
    scale: {x: 0.35, y: 0.35, z: 0.35}
    isPlayer: 0
    useGravity: 1
  - localPosition: {x: -1.3393867, y: 1.58, z: -3.2335806}
    rotation: {x: -0, y: 0.1950896, z: -0, w: 0.9807854}
    scale: {x: 0.35, y: 0.35, z: 0.35}
    isPlayer: 0
    useGravity: 1
  - localPosition: {x: 1.3393867, y: 1.58, z: 3.2335806}
    rotation: {x: -0, y: 0.1950896, z: -0, w: 0.9807854}
    scale: {x: 0.35, y: 0.35, z: 0.35}
    isPlayer: 0
    useGravity: 1
  - localPosition: {x: -3.2335896, y: 1.58, z: 1.3393655}
    rotation: {x: -0, y: 0.8314692, z: -0, w: 0.55557096}
    scale: {x: 0.35, y: 0.35, z: 0.35}
    isPlayer: 0
    useGravity: 1
  - localPosition: {x: 3.2335896, y: 1.58, z: -1.3393655}
    rotation: {x: -0, y: 0.8314692, z: -0, w: 0.55557096}
    scale: {x: 0.35, y: 0.35, z: 0.35}
    isPlayer: 0
    useGravity: 1
  - localPosition: {x: -3.233572, y: 1.58, z: -1.3394082}
    rotation: {x: -0, y: 0.5555684, z: -0, w: 0.83147085}
    scale: {x: 0.35, y: 0.35, z: 0.35}
    isPlayer: 0
    useGravity: 1
  - localPosition: {x: 3.233572, y: 1.58, z: 1.3394082}
    rotation: {x: -0, y: 0.5555684, z: -0, w: 0.83147085}
    scale: {x: 0.35, y: 0.35, z: 0.35}
    isPlayer: 0
    useGravity: 1
  - localPosition: {x: -1.3394295, y: 1.58, z: 3.233563}
    rotation: {x: -0, y: 0.98078483, z: -0, w: 0.19509257}
    scale: {x: 0.35, y: 0.35, z: 0.35}
    isPlayer: 0
    useGravity: 1
  - localPosition: {x: 1.3394295, y: 1.58, z: -3.233563}
    rotation: {x: -0, y: 0.98078483, z: -0, w: 0.19509257}
    scale: {x: 0.35, y: 0.35, z: 0.35}
    isPlayer: 0
    useGravity: 1
  - localPosition: {x: -0.45683974, y: 1.58, z: -3.4700572}
    rotation: {x: -0, y: 0.06540288, z: -0, w: 0.99785894}
    scale: {x: 0.35, y: 0.35, z: 0.35}
    isPlayer: 0
    useGravity: 1
  - localPosition: {x: 0.45683974, y: 1.58, z: 3.4700572}
    rotation: {x: -0, y: 0.06540288, z: -0, w: 0.99785894}
    scale: {x: 0.35, y: 0.35, z: 0.35}
    isPlayer: 0
    useGravity: 1
  - localPosition: {x: -3.4700606, y: 1.58, z: 0.4568169}
    rotation: {x: -0, y: 0.75183964, z: -0, w: 0.6593461}
    scale: {x: 0.35, y: 0.35, z: 0.35}
    isPlayer: 0
    useGravity: 1
  - localPosition: {x: 3.4700606, y: 1.58, z: -0.4568169}
    rotation: {x: -0, y: 0.75183964, z: -0, w: 0.6593461}
    scale: {x: 0.35, y: 0.35, z: 0.35}
    isPlayer: 0
    useGravity: 1
  - localPosition: {x: -2.7767286, y: 1.58, z: -2.1306758}
    rotation: {x: -0, y: 0.44228718, z: -0, w: 0.8968735}
    scale: {x: 0.35, y: 0.35, z: 0.35}
    isPlayer: 0
    useGravity: 1
  - localPosition: {x: 2.7767286, y: 1.58, z: 2.1306758}
    rotation: {x: -0, y: 0.44228718, z: -0, w: 0.8968735}
    scale: {x: 0.35, y: 0.35, z: 0.35}
    isPlayer: 0
    useGravity: 1
  - localPosition: {x: -2.1306942, y: 1.58, z: 2.7767146}
    rotation: {x: -0, y: 0.9469296, z: -0, w: 0.3214412}
    scale: {x: 0.35, y: 0.35, z: 0.35}
    isPlayer: 0
    useGravity: 1
  - localPosition: {x: 2.1306942, y: 1.58, z: -2.7767146}
    rotation: {x: -0, y: 0.9469296, z: -0, w: 0.3214412}
    scale: {x: 0.35, y: 0.35, z: 0.35}
    isPlayer: 0
    useGravity: 1
  - localPosition: {x: -1.7499933, y: 1.58, z: -3.031093}
    rotation: {x: -0, y: 0.25881812, z: -0, w: 0.9659261}
    scale: {x: 0.35, y: 0.35, z: 0.35}
    isPlayer: 0
    useGravity: 1
  - localPosition: {x: 1.7499933, y: 1.58, z: 3.031093}
    rotation: {x: -0, y: 0.25881812, z: -0, w: 0.9659261}
    scale: {x: 0.35, y: 0.35, z: 0.35}
    isPlayer: 0
    useGravity: 1
  - localPosition: {x: -3.0311046, y: 1.58, z: 1.7499735}
    rotation: {x: -0, y: 0.8660249, z: -0, w: 0.50000095}
    scale: {x: 0.35, y: 0.35, z: 0.35}
    isPlayer: 0
    useGravity: 1
  - localPosition: {x: 3.0311046, y: 1.58, z: -1.7499735}
    rotation: {x: -0, y: 0.8660249, z: -0, w: 0.50000095}
    scale: {x: 0.35, y: 0.35, z: 0.35}
    isPlayer: 0
    useGravity: 1
  - localPosition: {x: -3.3807356, y: 1.58, z: -0.90588534}
    rotation: {x: -0, y: 0.60875946, z: -0, w: 0.7933548}
    scale: {x: 0.35, y: 0.35, z: 0.35}
    isPlayer: 0
    useGravity: 1
  - localPosition: {x: 3.3807356, y: 1.58, z: 0.90588534}
    rotation: {x: -0, y: 0.60875946, z: -0, w: 0.7933548}
    scale: {x: 0.35, y: 0.35, z: 0.35}
    isPlayer: 0
    useGravity: 1
  - localPosition: {x: -0.9059077, y: 1.58, z: 3.3807294}
    rotation: {x: -0, y: 0.9914446, z: -0, w: 0.13052872}
    scale: {x: 0.35, y: 0.35, z: 0.35}
    isPlayer: 0
    useGravity: 1
  - localPosition: {x: 0.9059077, y: 1.58, z: -3.3807294}
    rotation: {x: -0, y: 0.9914446, z: -0, w: 0.13052872}
    scale: {x: 0.35, y: 0.35, z: 0.35}
    isPlayer: 0
    useGravity: 1
  - localPosition: {x: -0.9058629, y: 1.58, z: -3.3807414}
    rotation: {x: -0, y: 0.1305257, z: -0, w: 0.99144495}
    scale: {x: 0.35, y: 0.35, z: 0.35}
    isPlayer: 0
    useGravity: 1
  - localPosition: {x: 0.9058629, y: 1.58, z: 3.3807414}
    rotation: {x: -0, y: 0.1305257, z: -0, w: 0.99144495}
    scale: {x: 0.35, y: 0.35, z: 0.35}
    isPlayer: 0
    useGravity: 1
  - localPosition: {x: -3.3807476, y: 1.58, z: 0.9058407}
    rotation: {x: -0, y: 0.793353, z: -0, w: 0.6087619}
    scale: {x: 0.35, y: 0.35, z: 0.35}
    isPlayer: 0
    useGravity: 1
  - localPosition: {x: 3.3807476, y: 1.58, z: -0.9058407}
    rotation: {x: -0, y: 0.793353, z: -0, w: 0.6087619}
    scale: {x: 0.35, y: 0.35, z: 0.35}
    isPlayer: 0
    useGravity: 1
  - localPosition: {x: -3.0310814, y: 1.58, z: -1.7500135}
    rotation: {x: -0, y: 0.49999833, z: -0, w: 0.8660264}
    scale: {x: 0.35, y: 0.35, z: 0.35}
    isPlayer: 0
    useGravity: 1
  - localPosition: {x: 3.0310814, y: 1.58, z: 1.7500135}
    rotation: {x: -0, y: 0.49999833, z: -0, w: 0.8660264}
    scale: {x: 0.35, y: 0.35, z: 0.35}
    isPlayer: 0
    useGravity: 1
  - localPosition: {x: -1.7500335, y: 1.58, z: 3.0310698}
    rotation: {x: -0, y: 0.9659253, z: -0, w: 0.258821}
    scale: {x: 0.35, y: 0.35, z: 0.35}
    isPlayer: 0
    useGravity: 1
  - localPosition: {x: 1.7500335, y: 1.58, z: -3.0310698}
    rotation: {x: -0, y: 0.9659253, z: -0, w: 0.258821}
    scale: {x: 0.35, y: 0.35, z: 0.35}
    isPlayer: 0
    useGravity: 1
  - localPosition: {x: -2.1306574, y: 1.58, z: -2.7767427}
    rotation: {x: -0, y: 0.3214383, z: -0, w: 0.9469305}
    scale: {x: 0.35, y: 0.35, z: 0.35}
    isPlayer: 0
    useGravity: 1
  - localPosition: {x: 2.1306574, y: 1.58, z: 2.7767427}
    rotation: {x: -0, y: 0.3214383, z: -0, w: 0.9469305}
    scale: {x: 0.35, y: 0.35, z: 0.35}
    isPlayer: 0
    useGravity: 1
  - localPosition: {x: -2.7767568, y: 1.58, z: 2.1306393}
    rotation: {x: -0, y: 0.8968722, z: -0, w: 0.4422899}
    scale: {x: 0.35, y: 0.35, z: 0.35}
    isPlayer: 0
    useGravity: 1
  - localPosition: {x: 2.7767568, y: 1.58, z: -2.1306393}
    rotation: {x: -0, y: 0.8968722, z: -0, w: 0.4422899}
    scale: {x: 0.35, y: 0.35, z: 0.35}
    isPlayer: 0
    useGravity: 1
  - localPosition: {x: -3.4700544, y: 1.58, z: -0.45686272}
    rotation: {x: -0, y: 0.6593438, z: -0, w: 0.75184166}
    scale: {x: 0.35, y: 0.35, z: 0.35}
    isPlayer: 0
    useGravity: 1
  - localPosition: {x: 3.4700544, y: 1.58, z: 0.45686272}
    rotation: {x: -0, y: 0.6593438, z: -0, w: 0.75184166}
    scale: {x: 0.35, y: 0.35, z: 0.35}
    isPlayer: 0
    useGravity: 1
  - localPosition: {x: -0.4568857, y: 1.58, z: 3.4700513}
    rotation: {x: -0, y: 0.99785876, z: -0, w: 0.06540593}
    scale: {x: 0.35, y: 0.35, z: 0.35}
    isPlayer: 0
    useGravity: 1
  - localPosition: {x: 0.4568857, y: 1.58, z: -3.4700513}
    rotation: {x: -0, y: 0.99785876, z: -0, w: 0.06540593}
    scale: {x: 0.35, y: 0.35, z: 0.35}
    isPlayer: 0
    useGravity: 1
  - localPosition: {x: -0.22891434, y: 1.9300001, z: -3.492506}
    rotation: {x: -0, y: 0.032719612, z: -0, w: 0.9994646}
    scale: {x: 0.35, y: 0.35, z: 0.35}
    isPlayer: 0
    useGravity: 1
  - localPosition: {x: 0.22891434, y: 1.9300001, z: 3.492506}
    rotation: {x: -0, y: 0.032719612, z: -0, w: 0.9994646}
    scale: {x: 0.35, y: 0.35, z: 0.35}
    isPlayer: 0
    useGravity: 1
  - localPosition: {x: -3.4925077, y: 1.9300001, z: 0.22889133}
    rotation: {x: -0, y: 0.7298644, z: -0, w: 0.683592}
    scale: {x: 0.35, y: 0.35, z: 0.35}
    isPlayer: 0
    useGravity: 1
  - localPosition: {x: 3.4925077, y: 1.9300001, z: -0.22889133}
    rotation: {x: -0, y: 0.7298644, z: -0, w: 0.683592}
    scale: {x: 0.35, y: 0.35, z: 0.35}
    isPlayer: 0
    useGravity: 1
  - localPosition: {x: -2.6314342, y: 1.9300001, z: -2.3077166}
    rotation: {x: -0, y: 0.41270623, z: -0, w: 0.91086423}
    scale: {x: 0.35, y: 0.35, z: 0.35}
    isPlayer: 0
    useGravity: 1
  - localPosition: {x: 2.6314342, y: 1.9300001, z: 2.3077166}
    rotation: {x: -0, y: 0.41270623, z: -0, w: 0.91086423}
    scale: {x: 0.35, y: 0.35, z: 0.35}
    isPlayer: 0
    useGravity: 1
  - localPosition: {x: -2.307734, y: 1.9300001, z: 2.631419}
    rotation: {x: -0, y: 0.93590564, z: -0, w: 0.35225102}
    scale: {x: 0.35, y: 0.35, z: 0.35}
    isPlayer: 0
    useGravity: 1
  - localPosition: {x: 2.307734, y: 1.9300001, z: -2.631419}
    rotation: {x: -0, y: 0.93590564, z: -0, w: 0.35225102}
    scale: {x: 0.35, y: 0.35, z: 0.35}
    isPlayer: 0
    useGravity: 1
  - localPosition: {x: -1.5480083, y: 1.9300001, z: -3.1390557}
    rotation: {x: -0, y: 0.22707605, z: -0, w: 0.973877}
    scale: {x: 0.35, y: 0.35, z: 0.35}
    isPlayer: 0
    useGravity: 1
  - localPosition: {x: 1.5480083, y: 1.9300001, z: 3.1390557}
    rotation: {x: -0, y: 0.22707605, z: -0, w: 0.973877}
    scale: {x: 0.35, y: 0.35, z: 0.35}
    isPlayer: 0
    useGravity: 1
  - localPosition: {x: -3.139066, y: 1.9300001, z: 1.5479877}
    rotation: {x: -0, y: 0.84920204, z: -0, w: 0.5280681}
    scale: {x: 0.35, y: 0.35, z: 0.35}
    isPlayer: 0
    useGravity: 1
  - localPosition: {x: 3.139066, y: 1.9300001, z: -1.5479877}
    rotation: {x: -0, y: 0.84920204, z: -0, w: 0.5280681}
    scale: {x: 0.35, y: 0.35, z: 0.35}
    isPlayer: 0
    useGravity: 1
  - localPosition: {x: -3.3142512, y: 1.9300001, z: -1.1250514}
    rotation: {x: -0, y: 0.5824763, z: -0, w: 0.8128477}
    scale: {x: 0.35, y: 0.35, z: 0.35}
    isPlayer: 0
    useGravity: 1
  - localPosition: {x: 3.3142512, y: 1.9300001, z: 1.1250514}
    rotation: {x: -0, y: 0.5824763, z: -0, w: 0.8128477}
    scale: {x: 0.35, y: 0.35, z: 0.35}
    isPlayer: 0
    useGravity: 1
  - localPosition: {x: -1.1250733, y: 1.9300001, z: 3.3142436}
    rotation: {x: -0, y: 0.98664314, z: -0, w: 0.16289723}
    scale: {x: 0.35, y: 0.35, z: 0.35}
    isPlayer: 0
    useGravity: 1
  - localPosition: {x: 1.1250733, y: 1.9300001, z: -3.3142436}
    rotation: {x: -0, y: 0.98664314, z: -0, w: 0.16289723}
    scale: {x: 0.35, y: 0.35, z: 0.35}
    isPlayer: 0
    useGravity: 1
  - localPosition: {x: -0.6828176, y: 1.9300001, z: -3.432748}
    rotation: {x: -0, y: 0.09801745, z: -0, w: 0.9951847}
    scale: {x: 0.35, y: 0.35, z: 0.35}
    isPlayer: 0
    useGravity: 1
  - localPosition: {x: 0.6828176, y: 1.9300001, z: 3.432748}
    rotation: {x: -0, y: 0.09801745, z: -0, w: 0.9951847}
    scale: {x: 0.35, y: 0.35, z: 0.35}
    isPlayer: 0
    useGravity: 1
  - localPosition: {x: -3.432753, y: 1.9300001, z: 0.68279505}
    rotation: {x: -0, y: 0.77301055, z: -0, w: 0.6343932}
    scale: {x: 0.35, y: 0.35, z: 0.35}
    isPlayer: 0
    useGravity: 1
  - localPosition: {x: 3.432753, y: 1.9300001, z: -0.68279505}
    rotation: {x: -0, y: 0.77301055, z: -0, w: 0.6343932}
    scale: {x: 0.35, y: 0.35, z: 0.35}
    isPlayer: 0
    useGravity: 1
  - localPosition: {x: -2.9101381, y: 1.9300001, z: -1.9445043}
    rotation: {x: -0, y: 0.47139576, z: -0, w: 0.8819218}
    scale: {x: 0.35, y: 0.35, z: 0.35}
    isPlayer: 0
    useGravity: 1
  - localPosition: {x: 2.9101381, y: 1.9300001, z: 1.9445043}
    rotation: {x: -0, y: 0.47139576, z: -0, w: 0.8819218}
    scale: {x: 0.35, y: 0.35, z: 0.35}
    isPlayer: 0
    useGravity: 1
  - localPosition: {x: -1.9445235, y: 1.9300001, z: 2.9101253}
    rotation: {x: -0, y: 0.95693994, z: -0, w: 0.29028594}
    scale: {x: 0.35, y: 0.35, z: 0.35}
    isPlayer: 0
    useGravity: 1
  - localPosition: {x: 1.9445235, y: 1.9300001, z: -2.9101253}
    rotation: {x: -0, y: 0.95693994, z: -0, w: 0.29028594}
    scale: {x: 0.35, y: 0.35, z: 0.35}
    isPlayer: 0
    useGravity: 1
  - localPosition: {x: -1.9444922, y: 1.9300001, z: -2.9101462}
    rotation: {x: -0, y: 0.29028428, z: -0, w: 0.9569405}
    scale: {x: 0.35, y: 0.35, z: 0.35}
    isPlayer: 0
    useGravity: 1
  - localPosition: {x: 1.9444922, y: 1.9300001, z: 2.9101462}
    rotation: {x: -0, y: 0.29028428, z: -0, w: 0.9569405}
    scale: {x: 0.35, y: 0.35, z: 0.35}
    isPlayer: 0
    useGravity: 1
  - localPosition: {x: -2.910159, y: 1.9300001, z: 1.9444733}
    rotation: {x: -0, y: 0.881921, z: -0, w: 0.47139725}
    scale: {x: 0.35, y: 0.35, z: 0.35}
    isPlayer: 0
    useGravity: 1
  - localPosition: {x: 2.910159, y: 1.9300001, z: -1.9444733}
    rotation: {x: -0, y: 0.881921, z: -0, w: 0.47139725}
    scale: {x: 0.35, y: 0.35, z: 0.35}
    isPlayer: 0
    useGravity: 1
  - localPosition: {x: -3.4327457, y: 1.9300001, z: -0.6828317}
    rotation: {x: -0, y: 0.6343919, z: -0, w: 0.7730116}
    scale: {x: 0.35, y: 0.35, z: 0.35}
    isPlayer: 0
    useGravity: 1
  - localPosition: {x: 3.4327457, y: 1.9300001, z: 0.6828317}
    rotation: {x: -0, y: 0.6343919, z: -0, w: 0.7730116}
    scale: {x: 0.35, y: 0.35, z: 0.35}
    isPlayer: 0
    useGravity: 1
  - localPosition: {x: -0.6828544, y: 1.9300001, z: 3.432741}
    rotation: {x: -0, y: 0.9951846, z: -0, w: 0.09801914}
    scale: {x: 0.35, y: 0.35, z: 0.35}
    isPlayer: 0
    useGravity: 1
  - localPosition: {x: 0.6828544, y: 1.9300001, z: -3.432741}
    rotation: {x: -0, y: 0.9951846, z: -0, w: 0.09801914}
    scale: {x: 0.35, y: 0.35, z: 0.35}
    isPlayer: 0
    useGravity: 1
  - localPosition: {x: -1.1250377, y: 1.9300001, z: -3.3142555}
    rotation: {x: -0, y: 0.16289553, z: -0, w: 0.9866433}
    scale: {x: 0.35, y: 0.35, z: 0.35}
    isPlayer: 0
    useGravity: 1
  - localPosition: {x: 1.1250377, y: 1.9300001, z: 3.3142555}
    rotation: {x: -0, y: 0.16289553, z: -0, w: 0.9866433}
    scale: {x: 0.35, y: 0.35, z: 0.35}
    isPlayer: 0
    useGravity: 1
  - localPosition: {x: -3.314263, y: 1.9300001, z: 1.125016}
    rotation: {x: -0, y: 0.81284666, z: -0, w: 0.58247775}
    scale: {x: 0.35, y: 0.35, z: 0.35}
    isPlayer: 0
    useGravity: 1
  - localPosition: {x: 3.314263, y: 1.9300001, z: -1.125016}
    rotation: {x: -0, y: 0.81284666, z: -0, w: 0.58247775}
    scale: {x: 0.35, y: 0.35, z: 0.35}
    isPlayer: 0
    useGravity: 1
  - localPosition: {x: -3.1390495, y: 1.9300001, z: -1.5480213}
    rotation: {x: -0, y: 0.52806664, z: -0, w: 0.84920293}
    scale: {x: 0.35, y: 0.35, z: 0.35}
    isPlayer: 0
    useGravity: 1
  - localPosition: {x: 3.1390495, y: 1.9300001, z: 1.5480213}
    rotation: {x: -0, y: 0.52806664, z: -0, w: 0.84920293}
    scale: {x: 0.35, y: 0.35, z: 0.35}
    isPlayer: 0
    useGravity: 1
  - localPosition: {x: -1.548042, y: 1.9300001, z: 3.1390393}
    rotation: {x: -0, y: 0.97387666, z: -0, w: 0.22707774}
    scale: {x: 0.35, y: 0.35, z: 0.35}
    isPlayer: 0
    useGravity: 1
  - localPosition: {x: 1.548042, y: 1.9300001, z: -3.1390393}
    rotation: {x: -0, y: 0.97387666, z: -0, w: 0.22707774}
    scale: {x: 0.35, y: 0.35, z: 0.35}
    isPlayer: 0
    useGravity: 1
  - localPosition: {x: -2.3077059, y: 1.9300001, z: -2.6314435}
    rotation: {x: -0, y: 0.3522494, z: -0, w: 0.9359062}
    scale: {x: 0.35, y: 0.35, z: 0.35}
    isPlayer: 0
    useGravity: 1
  - localPosition: {x: 2.3077059, y: 1.9300001, z: 2.6314435}
    rotation: {x: -0, y: 0.3522494, z: -0, w: 0.9359062}
    scale: {x: 0.35, y: 0.35, z: 0.35}
    isPlayer: 0
    useGravity: 1
  - localPosition: {x: -2.6314588, y: 1.9300001, z: 2.3076887}
    rotation: {x: -0, y: 0.9108635, z: -0, w: 0.4127078}
    scale: {x: 0.35, y: 0.35, z: 0.35}
    isPlayer: 0
    useGravity: 1
  - localPosition: {x: 2.6314588, y: 1.9300001, z: -2.3076887}
    rotation: {x: -0, y: 0.9108635, z: -0, w: 0.4127078}
    scale: {x: 0.35, y: 0.35, z: 0.35}
    isPlayer: 0
    useGravity: 1
  - localPosition: {x: -3.4925053, y: 1.9300001, z: -0.22892871}
    rotation: {x: -0, y: 0.6835907, z: -0, w: 0.7298656}
    scale: {x: 0.35, y: 0.35, z: 0.35}
    isPlayer: 0
    useGravity: 1
  - localPosition: {x: 3.4925053, y: 1.9300001, z: 0.22892871}
    rotation: {x: -0, y: 0.6835907, z: -0, w: 0.7298656}
    scale: {x: 0.35, y: 0.35, z: 0.35}
    isPlayer: 0
    useGravity: 1
  - localPosition: {x: -0.22895186, y: 1.9300001, z: 3.4925036}
    rotation: {x: -0, y: 0.9994645, z: -0, w: 0.032721344}
    scale: {x: 0.35, y: 0.35, z: 0.35}
    isPlayer: 0
    useGravity: 1
  - localPosition: {x: 0.22895186, y: 1.9300001, z: -3.4925036}
    rotation: {x: -0, y: 0.9994645, z: -0, w: 0.032721344}
    scale: {x: 0.35, y: 0.35, z: 0.35}
    isPlayer: 0
    useGravity: 1
  oneCubeSpawnTime: 0.02
  cubes: []
  gameOverObstaclePos: {x: 0, y: 0, z: 0}
--- !u!1 &8767021091402443843
GameObject:
  m_ObjectHideFlags: 0
  m_CorrespondingSourceObject: {fileID: 0}
  m_PrefabInstance: {fileID: 0}
  m_PrefabAsset: {fileID: 0}
  serializedVersion: 6
  m_Component:
  - component: {fileID: 8767021091402443841}
  - component: {fileID: 8960049982818160462}
  m_Layer: 0
  m_Name: Stage1
  m_TagString: Untagged
  m_Icon: {fileID: 0}
  m_NavMeshLayer: 0
  m_StaticEditorFlags: 0
  m_IsActive: 1
--- !u!4 &8767021091402443841
Transform:
  m_ObjectHideFlags: 0
  m_CorrespondingSourceObject: {fileID: 0}
  m_PrefabInstance: {fileID: 0}
  m_PrefabAsset: {fileID: 0}
  m_GameObject: {fileID: 8767021091402443843}
  m_LocalRotation: {x: 0, y: 0, z: 0, w: 1}
  m_LocalPosition: {x: 0, y: 0, z: 0}
  m_LocalScale: {x: 1, y: 1, z: 1}
  m_Children:
  - {fileID: 2188742810607123475}
  - {fileID: 8767021090987240872}
  - {fileID: 4321359132988557134}
  - {fileID: 5373518404238389960}
  - {fileID: 8887426201512215027}
  - {fileID: 346826246794722993}
  - {fileID: 5979175703669641931}
  - {fileID: 1592850638195990696}
  - {fileID: 4846041869144052929}
  - {fileID: 508858677701635204}
  m_Father: {fileID: 0}
  m_RootOrder: 0
  m_LocalEulerAnglesHint: {x: 0, y: 0, z: 0}
--- !u!114 &8960049982818160462
MonoBehaviour:
  m_ObjectHideFlags: 0
  m_CorrespondingSourceObject: {fileID: 0}
  m_PrefabInstance: {fileID: 0}
  m_PrefabAsset: {fileID: 0}
  m_GameObject: {fileID: 8767021091402443843}
  m_Enabled: 1
  m_EditorHideFlags: 0
  m_Script: {fileID: 11500000, guid: 195d3fc22d0234be0bf3bcfd899b4b74, type: 3}
  m_Name: 
  m_EditorClassIdentifier: 
  cubeController: {fileID: 8767021090987240871}
  stageBeginTransform: {fileID: 5979175703669641931}
  stageEndTransform: {fileID: 1592850638195990696}
  dynamicRigidbodies: []
--- !u!1 &9213629843176230208
GameObject:
  m_ObjectHideFlags: 0
  m_CorrespondingSourceObject: {fileID: 0}
  m_PrefabInstance: {fileID: 0}
  m_PrefabAsset: {fileID: 0}
  serializedVersion: 6
  m_Component:
  - component: {fileID: 1592850638195990696}
  m_Layer: 0
  m_Name: EndTransform
  m_TagString: Untagged
  m_Icon: {fileID: 0}
  m_NavMeshLayer: 0
  m_StaticEditorFlags: 0
  m_IsActive: 1
--- !u!4 &1592850638195990696
Transform:
  m_ObjectHideFlags: 0
  m_CorrespondingSourceObject: {fileID: 0}
  m_PrefabInstance: {fileID: 0}
  m_PrefabAsset: {fileID: 0}
  m_GameObject: {fileID: 9213629843176230208}
  m_LocalRotation: {x: 0, y: 0, z: 0, w: 1}
  m_LocalPosition: {x: 0, y: 0, z: 8.55}
  m_LocalScale: {x: 1, y: 1, z: 1}
  m_Children: []
  m_Father: {fileID: 8767021091402443841}
  m_RootOrder: 7
  m_LocalEulerAnglesHint: {x: 0, y: 0, z: 0}
--- !u!1001 &1146208205496293842
PrefabInstance:
  m_ObjectHideFlags: 0
  serializedVersion: 2
  m_Modification:
    m_TransformParent: {fileID: 8767021091402443841}
    m_Modifications:
    - target: {fileID: -927199367670048503, guid: 38af95f99da9f48e0a90768e6ed7e26a,
        type: 3}
      propertyPath: m_Name
      value: platform
      objectReference: {fileID: 0}
    - target: {fileID: -927199367670048503, guid: 38af95f99da9f48e0a90768e6ed7e26a,
        type: 3}
      propertyPath: m_IsActive
      value: 0
      objectReference: {fileID: 0}
    - target: {fileID: -4216859302048453862, guid: 38af95f99da9f48e0a90768e6ed7e26a,
        type: 3}
      propertyPath: m_LocalPosition.x
      value: -0
      objectReference: {fileID: 0}
    - target: {fileID: -4216859302048453862, guid: 38af95f99da9f48e0a90768e6ed7e26a,
        type: 3}
      propertyPath: m_LocalPosition.y
      value: -1.45
      objectReference: {fileID: 0}
    - target: {fileID: -4216859302048453862, guid: 38af95f99da9f48e0a90768e6ed7e26a,
        type: 3}
      propertyPath: m_LocalPosition.z
      value: 0
      objectReference: {fileID: 0}
    - target: {fileID: -4216859302048453862, guid: 38af95f99da9f48e0a90768e6ed7e26a,
        type: 3}
      propertyPath: m_LocalRotation.x
      value: 0
      objectReference: {fileID: 0}
    - target: {fileID: -4216859302048453862, guid: 38af95f99da9f48e0a90768e6ed7e26a,
        type: 3}
      propertyPath: m_LocalRotation.y
      value: -0
      objectReference: {fileID: 0}
    - target: {fileID: -4216859302048453862, guid: 38af95f99da9f48e0a90768e6ed7e26a,
        type: 3}
      propertyPath: m_LocalRotation.z
      value: -0
      objectReference: {fileID: 0}
    - target: {fileID: -4216859302048453862, guid: 38af95f99da9f48e0a90768e6ed7e26a,
        type: 3}
      propertyPath: m_LocalRotation.w
      value: 1
      objectReference: {fileID: 0}
    - target: {fileID: -4216859302048453862, guid: 38af95f99da9f48e0a90768e6ed7e26a,
        type: 3}
      propertyPath: m_RootOrder
      value: 3
      objectReference: {fileID: 0}
    - target: {fileID: -4216859302048453862, guid: 38af95f99da9f48e0a90768e6ed7e26a,
        type: 3}
      propertyPath: m_LocalEulerAnglesHint.x
      value: 0
      objectReference: {fileID: 0}
    - target: {fileID: -4216859302048453862, guid: 38af95f99da9f48e0a90768e6ed7e26a,
        type: 3}
      propertyPath: m_LocalEulerAnglesHint.y
      value: 0
      objectReference: {fileID: 0}
    - target: {fileID: -4216859302048453862, guid: 38af95f99da9f48e0a90768e6ed7e26a,
        type: 3}
      propertyPath: m_LocalEulerAnglesHint.z
      value: 0
      objectReference: {fileID: 0}
    m_RemovedComponents: []
  m_SourcePrefab: {fileID: 100100000, guid: 38af95f99da9f48e0a90768e6ed7e26a, type: 3}
--- !u!4 &5373518404238389960 stripped
Transform:
  m_CorrespondingSourceObject: {fileID: -4216859302048453862, guid: 38af95f99da9f48e0a90768e6ed7e26a,
    type: 3}
  m_PrefabInstance: {fileID: 1146208205496293842}
  m_PrefabAsset: {fileID: 0}
--- !u!1001 &2156962739940934858
PrefabInstance:
  m_ObjectHideFlags: 0
  serializedVersion: 2
  m_Modification:
    m_TransformParent: {fileID: 8767021091402443841}
    m_Modifications:
    - target: {fileID: 4102528079911892307, guid: 39c88f579fc23467ca107b73c254f1f3,
        type: 3}
      propertyPath: m_Name
      value: Border
      objectReference: {fileID: 0}
    - target: {fileID: 2744837403859649412, guid: 39c88f579fc23467ca107b73c254f1f3,
        type: 3}
      propertyPath: m_LocalPosition.x
      value: 0
      objectReference: {fileID: 0}
    - target: {fileID: 2744837403859649412, guid: 39c88f579fc23467ca107b73c254f1f3,
        type: 3}
      propertyPath: m_LocalPosition.y
      value: 0
      objectReference: {fileID: 0}
    - target: {fileID: 2744837403859649412, guid: 39c88f579fc23467ca107b73c254f1f3,
        type: 3}
      propertyPath: m_LocalPosition.z
      value: 0
      objectReference: {fileID: 0}
    - target: {fileID: 2744837403859649412, guid: 39c88f579fc23467ca107b73c254f1f3,
        type: 3}
      propertyPath: m_LocalRotation.x
      value: 0
      objectReference: {fileID: 0}
    - target: {fileID: 2744837403859649412, guid: 39c88f579fc23467ca107b73c254f1f3,
        type: 3}
      propertyPath: m_LocalRotation.y
      value: 0
      objectReference: {fileID: 0}
    - target: {fileID: 2744837403859649412, guid: 39c88f579fc23467ca107b73c254f1f3,
        type: 3}
      propertyPath: m_LocalRotation.z
      value: 0
      objectReference: {fileID: 0}
    - target: {fileID: 2744837403859649412, guid: 39c88f579fc23467ca107b73c254f1f3,
        type: 3}
      propertyPath: m_LocalRotation.w
      value: 1
      objectReference: {fileID: 0}
    - target: {fileID: 2744837403859649412, guid: 39c88f579fc23467ca107b73c254f1f3,
        type: 3}
      propertyPath: m_RootOrder
      value: 2
      objectReference: {fileID: 0}
    - target: {fileID: 2744837403859649412, guid: 39c88f579fc23467ca107b73c254f1f3,
        type: 3}
      propertyPath: m_LocalEulerAnglesHint.x
      value: 0
      objectReference: {fileID: 0}
    - target: {fileID: 2744837403859649412, guid: 39c88f579fc23467ca107b73c254f1f3,
        type: 3}
      propertyPath: m_LocalEulerAnglesHint.y
      value: 0
      objectReference: {fileID: 0}
    - target: {fileID: 2744837403859649412, guid: 39c88f579fc23467ca107b73c254f1f3,
        type: 3}
      propertyPath: m_LocalEulerAnglesHint.z
      value: 0
      objectReference: {fileID: 0}
    m_RemovedComponents: []
  m_SourcePrefab: {fileID: 100100000, guid: 39c88f579fc23467ca107b73c254f1f3, type: 3}
--- !u!4 &4321359132988557134 stripped
Transform:
  m_CorrespondingSourceObject: {fileID: 2744837403859649412, guid: 39c88f579fc23467ca107b73c254f1f3,
    type: 3}
  m_PrefabInstance: {fileID: 2156962739940934858}
  m_PrefabAsset: {fileID: 0}
--- !u!1001 &4480184171879934697
PrefabInstance:
  m_ObjectHideFlags: 0
  serializedVersion: 2
  m_Modification:
    m_TransformParent: {fileID: 8767021091402443841}
    m_Modifications:
    - target: {fileID: -927199367670048503, guid: d18c0229e12d644ed802d00ab225befd,
        type: 3}
      propertyPath: m_Name
      value: platform2
      objectReference: {fileID: 0}
    - target: {fileID: -927199367670048503, guid: d18c0229e12d644ed802d00ab225befd,
        type: 3}
      propertyPath: m_IsActive
      value: 0
      objectReference: {fileID: 0}
    - target: {fileID: -4216859302048453862, guid: d18c0229e12d644ed802d00ab225befd,
        type: 3}
      propertyPath: m_LocalPosition.x
      value: 0
      objectReference: {fileID: 0}
    - target: {fileID: -4216859302048453862, guid: d18c0229e12d644ed802d00ab225befd,
        type: 3}
      propertyPath: m_LocalPosition.y
      value: -2.5
      objectReference: {fileID: 0}
    - target: {fileID: -4216859302048453862, guid: d18c0229e12d644ed802d00ab225befd,
        type: 3}
      propertyPath: m_LocalPosition.z
      value: 0.09437481
      objectReference: {fileID: 0}
    - target: {fileID: -4216859302048453862, guid: d18c0229e12d644ed802d00ab225befd,
        type: 3}
      propertyPath: m_LocalRotation.x
      value: 0.7071068
      objectReference: {fileID: 0}
    - target: {fileID: -4216859302048453862, guid: d18c0229e12d644ed802d00ab225befd,
        type: 3}
      propertyPath: m_LocalRotation.y
      value: 0
      objectReference: {fileID: 0}
    - target: {fileID: -4216859302048453862, guid: d18c0229e12d644ed802d00ab225befd,
        type: 3}
      propertyPath: m_LocalRotation.z
      value: 0
      objectReference: {fileID: 0}
    - target: {fileID: -4216859302048453862, guid: d18c0229e12d644ed802d00ab225befd,
        type: 3}
      propertyPath: m_LocalRotation.w
      value: -0.7071068
      objectReference: {fileID: 0}
    - target: {fileID: -4216859302048453862, guid: d18c0229e12d644ed802d00ab225befd,
        type: 3}
      propertyPath: m_RootOrder
      value: 4
      objectReference: {fileID: 0}
    - target: {fileID: -4216859302048453862, guid: d18c0229e12d644ed802d00ab225befd,
        type: 3}
      propertyPath: m_LocalEulerAnglesHint.x
      value: 0
      objectReference: {fileID: 0}
    - target: {fileID: -4216859302048453862, guid: d18c0229e12d644ed802d00ab225befd,
        type: 3}
      propertyPath: m_LocalEulerAnglesHint.y
      value: 0
      objectReference: {fileID: 0}
    - target: {fileID: -4216859302048453862, guid: d18c0229e12d644ed802d00ab225befd,
        type: 3}
      propertyPath: m_LocalEulerAnglesHint.z
      value: 0
      objectReference: {fileID: 0}
    - target: {fileID: -4216859302048453862, guid: d18c0229e12d644ed802d00ab225befd,
        type: 3}
      propertyPath: m_LocalScale.x
      value: 1.2
      objectReference: {fileID: 0}
    - target: {fileID: -4216859302048453862, guid: d18c0229e12d644ed802d00ab225befd,
        type: 3}
      propertyPath: m_LocalScale.y
      value: 1.2
      objectReference: {fileID: 0}
    - target: {fileID: -4216859302048453862, guid: d18c0229e12d644ed802d00ab225befd,
        type: 3}
      propertyPath: m_LocalScale.z
      value: 1.2
      objectReference: {fileID: 0}
    - target: {fileID: -1504981713932161579, guid: d18c0229e12d644ed802d00ab225befd,
        type: 3}
      propertyPath: m_Materials.Array.data[0]
      value: 
      objectReference: {fileID: 2100000, guid: 4b9e770a172984869a74fb077f29b9d4, type: 2}
    m_RemovedComponents: []
  m_SourcePrefab: {fileID: 100100000, guid: d18c0229e12d644ed802d00ab225befd, type: 3}
--- !u!4 &8887426201512215027 stripped
Transform:
  m_CorrespondingSourceObject: {fileID: -4216859302048453862, guid: d18c0229e12d644ed802d00ab225befd,
    type: 3}
  m_PrefabInstance: {fileID: 4480184171879934697}
  m_PrefabAsset: {fileID: 0}
--- !u!1001 &4731761951475144107
PrefabInstance:
  m_ObjectHideFlags: 0
  serializedVersion: 2
  m_Modification:
    m_TransformParent: {fileID: 8767021091402443841}
    m_Modifications:
    - target: {fileID: -927199367670048503, guid: 01211b676644c43cc9509c0186639334,
        type: 3}
      propertyPath: m_Name
      value: plt
      objectReference: {fileID: 0}
    - target: {fileID: -4216859302048453862, guid: 01211b676644c43cc9509c0186639334,
        type: 3}
      propertyPath: m_LocalPosition.x
      value: 0.56
      objectReference: {fileID: 0}
    - target: {fileID: -4216859302048453862, guid: 01211b676644c43cc9509c0186639334,
        type: 3}
      propertyPath: m_LocalPosition.y
      value: -2.5
      objectReference: {fileID: 0}
    - target: {fileID: -4216859302048453862, guid: 01211b676644c43cc9509c0186639334,
        type: 3}
      propertyPath: m_LocalPosition.z
      value: -0.5
      objectReference: {fileID: 0}
    - target: {fileID: -4216859302048453862, guid: 01211b676644c43cc9509c0186639334,
        type: 3}
      propertyPath: m_LocalRotation.x
      value: 0
      objectReference: {fileID: 0}
    - target: {fileID: -4216859302048453862, guid: 01211b676644c43cc9509c0186639334,
        type: 3}
      propertyPath: m_LocalRotation.y
      value: 0
      objectReference: {fileID: 0}
    - target: {fileID: -4216859302048453862, guid: 01211b676644c43cc9509c0186639334,
        type: 3}
      propertyPath: m_LocalRotation.z
      value: 0
      objectReference: {fileID: 0}
    - target: {fileID: -4216859302048453862, guid: 01211b676644c43cc9509c0186639334,
        type: 3}
      propertyPath: m_LocalRotation.w
      value: 1
      objectReference: {fileID: 0}
    - target: {fileID: -4216859302048453862, guid: 01211b676644c43cc9509c0186639334,
        type: 3}
      propertyPath: m_RootOrder
      value: 5
      objectReference: {fileID: 0}
    - target: {fileID: -4216859302048453862, guid: 01211b676644c43cc9509c0186639334,
        type: 3}
      propertyPath: m_LocalEulerAnglesHint.x
      value: 0
      objectReference: {fileID: 0}
    - target: {fileID: -4216859302048453862, guid: 01211b676644c43cc9509c0186639334,
        type: 3}
      propertyPath: m_LocalEulerAnglesHint.y
      value: 0
      objectReference: {fileID: 0}
    - target: {fileID: -4216859302048453862, guid: 01211b676644c43cc9509c0186639334,
        type: 3}
      propertyPath: m_LocalEulerAnglesHint.z
      value: 0
      objectReference: {fileID: 0}
    - target: {fileID: -4216859302048453862, guid: 01211b676644c43cc9509c0186639334,
        type: 3}
      propertyPath: m_LocalScale.x
      value: 1.2
      objectReference: {fileID: 0}
    - target: {fileID: -4216859302048453862, guid: 01211b676644c43cc9509c0186639334,
        type: 3}
      propertyPath: m_LocalScale.y
      value: 1.2
      objectReference: {fileID: 0}
    - target: {fileID: -4216859302048453862, guid: 01211b676644c43cc9509c0186639334,
        type: 3}
      propertyPath: m_LocalScale.z
      value: 1.2
      objectReference: {fileID: 0}
    - target: {fileID: 8405317065323677370, guid: 01211b676644c43cc9509c0186639334,
        type: 3}
      propertyPath: m_Materials.Array.data[0]
      value: 
      objectReference: {fileID: 2100000, guid: ac472f06024bb43dabbb5de33e810884, type: 2}
    - target: {fileID: 2726396221703951952, guid: 01211b676644c43cc9509c0186639334,
        type: 3}
      propertyPath: m_Materials.Array.data[0]
      value: 
      objectReference: {fileID: 2100000, guid: 4b9e770a172984869a74fb077f29b9d4, type: 2}
    m_RemovedComponents: []
  m_SourcePrefab: {fileID: 100100000, guid: 01211b676644c43cc9509c0186639334, type: 3}
--- !u!4 &346826246794722993 stripped
Transform:
  m_CorrespondingSourceObject: {fileID: -4216859302048453862, guid: 01211b676644c43cc9509c0186639334,
    type: 3}
  m_PrefabInstance: {fileID: 4731761951475144107}
  m_PrefabAsset: {fileID: 0}
--- !u!1001 &4900427547263773112
PrefabInstance:
  m_ObjectHideFlags: 0
  serializedVersion: 2
  m_Modification:
    m_TransformParent: {fileID: 8767021091402443841}
    m_Modifications:
    - target: {fileID: 694812688521458266, guid: d5840cebd490c4acd928dca93414a374,
        type: 3}
      propertyPath: m_Name
      value: Obstacle
      objectReference: {fileID: 0}
    - target: {fileID: 4831804541755573564, guid: d5840cebd490c4acd928dca93414a374,
        type: 3}
      propertyPath: m_LocalPosition.x
      value: 0
      objectReference: {fileID: 0}
    - target: {fileID: 4831804541755573564, guid: d5840cebd490c4acd928dca93414a374,
        type: 3}
      propertyPath: m_LocalPosition.y
      value: 1.37
      objectReference: {fileID: 0}
    - target: {fileID: 4831804541755573564, guid: d5840cebd490c4acd928dca93414a374,
        type: 3}
      propertyPath: m_LocalPosition.z
      value: 0
      objectReference: {fileID: 0}
    - target: {fileID: 4831804541755573564, guid: d5840cebd490c4acd928dca93414a374,
        type: 3}
      propertyPath: m_LocalRotation.x
      value: 0
      objectReference: {fileID: 0}
    - target: {fileID: 4831804541755573564, guid: d5840cebd490c4acd928dca93414a374,
        type: 3}
      propertyPath: m_LocalRotation.y
      value: 0
      objectReference: {fileID: 0}
    - target: {fileID: 4831804541755573564, guid: d5840cebd490c4acd928dca93414a374,
        type: 3}
      propertyPath: m_LocalRotation.z
      value: 0
      objectReference: {fileID: 0}
    - target: {fileID: 4831804541755573564, guid: d5840cebd490c4acd928dca93414a374,
        type: 3}
      propertyPath: m_LocalRotation.w
      value: 1
      objectReference: {fileID: 0}
    - target: {fileID: 4831804541755573564, guid: d5840cebd490c4acd928dca93414a374,
        type: 3}
      propertyPath: m_RootOrder
      value: 9
      objectReference: {fileID: 0}
    - target: {fileID: 4831804541755573564, guid: d5840cebd490c4acd928dca93414a374,
        type: 3}
      propertyPath: m_LocalEulerAnglesHint.x
      value: 0
      objectReference: {fileID: 0}
    - target: {fileID: 4831804541755573564, guid: d5840cebd490c4acd928dca93414a374,
        type: 3}
      propertyPath: m_LocalEulerAnglesHint.y
      value: 0
      objectReference: {fileID: 0}
    - target: {fileID: 4831804541755573564, guid: d5840cebd490c4acd928dca93414a374,
        type: 3}
      propertyPath: m_LocalEulerAnglesHint.z
      value: 0
      objectReference: {fileID: 0}
    - target: {fileID: 4831804541755573564, guid: d5840cebd490c4acd928dca93414a374,
        type: 3}
      propertyPath: m_LocalScale.x
      value: 2.4
      objectReference: {fileID: 0}
    - target: {fileID: 4831804541755573564, guid: d5840cebd490c4acd928dca93414a374,
        type: 3}
      propertyPath: m_LocalScale.y
      value: 2.4
      objectReference: {fileID: 0}
    - target: {fileID: 4831804541755573564, guid: d5840cebd490c4acd928dca93414a374,
        type: 3}
      propertyPath: m_LocalScale.z
      value: 2.4
      objectReference: {fileID: 0}
    m_RemovedComponents: []
  m_SourcePrefab: {fileID: 100100000, guid: d5840cebd490c4acd928dca93414a374, type: 3}
--- !u!4 &508858677701635204 stripped
Transform:
  m_CorrespondingSourceObject: {fileID: 4831804541755573564, guid: d5840cebd490c4acd928dca93414a374,
    type: 3}
  m_PrefabInstance: {fileID: 4900427547263773112}
  m_PrefabAsset: {fileID: 0}
--- !u!1001 &8767021092897635009
PrefabInstance:
  m_ObjectHideFlags: 0
  serializedVersion: 2
  m_Modification:
    m_TransformParent: {fileID: 8767021091402443841}
    m_Modifications:
    - target: {fileID: 5885667182548792513, guid: 570d6cf34a61d4e419934fbe95f88ee3,
        type: 3}
      propertyPath: m_Name
      value: SimplePlane
      objectReference: {fileID: 0}
    - target: {fileID: 5885667182548792513, guid: 570d6cf34a61d4e419934fbe95f88ee3,
        type: 3}
      propertyPath: m_IsActive
      value: 0
      objectReference: {fileID: 0}
    - target: {fileID: 7490980170168813266, guid: 570d6cf34a61d4e419934fbe95f88ee3,
        type: 3}
      propertyPath: m_LocalPosition.x
      value: 0
      objectReference: {fileID: 0}
    - target: {fileID: 7490980170168813266, guid: 570d6cf34a61d4e419934fbe95f88ee3,
        type: 3}
      propertyPath: m_LocalPosition.y
      value: -0
      objectReference: {fileID: 0}
    - target: {fileID: 7490980170168813266, guid: 570d6cf34a61d4e419934fbe95f88ee3,
        type: 3}
      propertyPath: m_LocalPosition.z
      value: 0
      objectReference: {fileID: 0}
    - target: {fileID: 7490980170168813266, guid: 570d6cf34a61d4e419934fbe95f88ee3,
        type: 3}
      propertyPath: m_LocalRotation.x
      value: 0
      objectReference: {fileID: 0}
    - target: {fileID: 7490980170168813266, guid: 570d6cf34a61d4e419934fbe95f88ee3,
        type: 3}
      propertyPath: m_LocalRotation.y
      value: 0
      objectReference: {fileID: 0}
    - target: {fileID: 7490980170168813266, guid: 570d6cf34a61d4e419934fbe95f88ee3,
        type: 3}
      propertyPath: m_LocalRotation.z
      value: 0
      objectReference: {fileID: 0}
    - target: {fileID: 7490980170168813266, guid: 570d6cf34a61d4e419934fbe95f88ee3,
        type: 3}
      propertyPath: m_LocalRotation.w
      value: 1
      objectReference: {fileID: 0}
    - target: {fileID: 7490980170168813266, guid: 570d6cf34a61d4e419934fbe95f88ee3,
        type: 3}
      propertyPath: m_RootOrder
      value: 0
      objectReference: {fileID: 0}
    - target: {fileID: 7490980170168813266, guid: 570d6cf34a61d4e419934fbe95f88ee3,
        type: 3}
      propertyPath: m_LocalEulerAnglesHint.x
      value: 0
      objectReference: {fileID: 0}
    - target: {fileID: 7490980170168813266, guid: 570d6cf34a61d4e419934fbe95f88ee3,
        type: 3}
      propertyPath: m_LocalEulerAnglesHint.y
      value: 0
      objectReference: {fileID: 0}
    - target: {fileID: 7490980170168813266, guid: 570d6cf34a61d4e419934fbe95f88ee3,
        type: 3}
      propertyPath: m_LocalEulerAnglesHint.z
      value: 0
      objectReference: {fileID: 0}
    - target: {fileID: 7490980170168813266, guid: 570d6cf34a61d4e419934fbe95f88ee3,
        type: 3}
      propertyPath: m_LocalScale.x
      value: 6.2999997
      objectReference: {fileID: 0}
    - target: {fileID: 7490980170168813266, guid: 570d6cf34a61d4e419934fbe95f88ee3,
        type: 3}
      propertyPath: m_LocalScale.y
      value: 6.2999997
      objectReference: {fileID: 0}
    - target: {fileID: 7490980170168813266, guid: 570d6cf34a61d4e419934fbe95f88ee3,
        type: 3}
      propertyPath: m_LocalScale.z
      value: 6.3
      objectReference: {fileID: 0}
    - target: {fileID: 5301511997717512221, guid: 570d6cf34a61d4e419934fbe95f88ee3,
        type: 3}
      propertyPath: m_Enabled
      value: 0
      objectReference: {fileID: 0}
    m_RemovedComponents: []
  m_SourcePrefab: {fileID: 100100000, guid: 570d6cf34a61d4e419934fbe95f88ee3, type: 3}
--- !u!4 &2188742810607123475 stripped
Transform:
  m_CorrespondingSourceObject: {fileID: 7490980170168813266, guid: 570d6cf34a61d4e419934fbe95f88ee3,
    type: 3}
  m_PrefabInstance: {fileID: 8767021092897635009}
  m_PrefabAsset: {fileID: 0}
