%YAML 1.1
%TAG !u! tag:unity3d.com,2011:
--- !u!1 &255757626244477067
GameObject:
  m_ObjectHideFlags: 0
  m_CorrespondingSourceObject: {fileID: 0}
  m_PrefabInstance: {fileID: 0}
  m_PrefabAsset: {fileID: 0}
  serializedVersion: 6
  m_Component:
  - component: {fileID: 2004098110206687988}
  m_Layer: 0
  m_Name: EndTransform
  m_TagString: Untagged
  m_Icon: {fileID: 0}
  m_NavMeshLayer: 0
  m_StaticEditorFlags: 0
  m_IsActive: 1
--- !u!4 &2004098110206687988
Transform:
  m_ObjectHideFlags: 0
  m_CorrespondingSourceObject: {fileID: 0}
  m_PrefabInstance: {fileID: 0}
  m_PrefabAsset: {fileID: 0}
  m_GameObject: {fileID: 255757626244477067}
  m_LocalRotation: {x: 0, y: 0, z: 0, w: 1}
  m_LocalPosition: {x: 0, y: 0, z: 8.4}
  m_LocalScale: {x: 1, y: 1, z: 1}
  m_Children: []
  m_Father: {fileID: 8767021091402443841}
  m_RootOrder: 8
  m_LocalEulerAnglesHint: {x: 0, y: 0, z: 0}
--- !u!1 &5943771572844006609
GameObject:
  m_ObjectHideFlags: 0
  m_CorrespondingSourceObject: {fileID: 0}
  m_PrefabInstance: {fileID: 0}
  m_PrefabAsset: {fileID: 0}
  serializedVersion: 6
  m_Component:
  - component: {fileID: 2835547710198966063}
  m_Layer: 0
  m_Name: BeginTransform
  m_TagString: Untagged
  m_Icon: {fileID: 0}
  m_NavMeshLayer: 0
  m_StaticEditorFlags: 0
  m_IsActive: 1
--- !u!4 &2835547710198966063
Transform:
  m_ObjectHideFlags: 0
  m_CorrespondingSourceObject: {fileID: 0}
  m_PrefabInstance: {fileID: 0}
  m_PrefabAsset: {fileID: 0}
  m_GameObject: {fileID: 5943771572844006609}
  m_LocalRotation: {x: 0, y: 0, z: 0, w: 1}
  m_LocalPosition: {x: 0, y: 0, z: -8.4}
  m_LocalScale: {x: 1, y: 1, z: 1}
  m_Children: []
  m_Father: {fileID: 8767021091402443841}
  m_RootOrder: 7
  m_LocalEulerAnglesHint: {x: 0, y: 0, z: 0}
--- !u!1 &8767021090987240873
GameObject:
  m_ObjectHideFlags: 0
  m_CorrespondingSourceObject: {fileID: 0}
  m_PrefabInstance: {fileID: 0}
  m_PrefabAsset: {fileID: 0}
  serializedVersion: 6
  m_Component:
  - component: {fileID: 8767021090987240872}
  - component: {fileID: 8767021090987240870}
  - component: {fileID: 8767021090987240871}
  m_Layer: 0
  m_Name: CubeController
  m_TagString: Untagged
  m_Icon: {fileID: 0}
  m_NavMeshLayer: 0
  m_StaticEditorFlags: 0
  m_IsActive: 1
--- !u!4 &8767021090987240872
Transform:
  m_ObjectHideFlags: 0
  m_CorrespondingSourceObject: {fileID: 0}
  m_PrefabInstance: {fileID: 0}
  m_PrefabAsset: {fileID: 0}
  m_GameObject: {fileID: 8767021090987240873}
  m_LocalRotation: {x: 0, y: 0, z: 0, w: 1}
  m_LocalPosition: {x: 0, y: 0, z: 0}
  m_LocalScale: {x: 1, y: 1, z: 1}
  m_Children: []
  m_Father: {fileID: 8767021091402443841}
  m_RootOrder: 1
  m_LocalEulerAnglesHint: {x: 0, y: 0, z: 0}
--- !u!114 &8767021090987240870
MonoBehaviour:
  m_ObjectHideFlags: 0
  m_CorrespondingSourceObject: {fileID: 0}
  m_PrefabInstance: {fileID: 0}
  m_PrefabAsset: {fileID: 0}
  m_GameObject: {fileID: 8767021090987240873}
  m_Enabled: 1
  m_EditorHideFlags: 0
  m_Script: {fileID: 11500000, guid: 756518df91a884c92a302acdb80b184a, type: 3}
  m_Name: 
  m_EditorClassIdentifier: 
--- !u!114 &8767021090987240871
MonoBehaviour:
  m_ObjectHideFlags: 0
  m_CorrespondingSourceObject: {fileID: 0}
  m_PrefabInstance: {fileID: 0}
  m_PrefabAsset: {fileID: 0}
  m_GameObject: {fileID: 8767021090987240873}
  m_Enabled: 1
  m_EditorHideFlags: 0
  m_Script: {fileID: 11500000, guid: c949a741921444b27b08c55cfceceb62, type: 3}
  m_Name: 
  m_EditorClassIdentifier: 
  cubesSpawnInfo:
  - localPosition: {x: 0, y: 0.25, z: -5}
    rotation: {x: -0, y: -0, z: -0, w: 1}
    scale: {x: 0.35, y: 0.35, z: 0.35}
    isPlayer: 1
    useGravity: 1
  - localPosition: {x: -4.96, y: 0.29999995, z: -2.88}
    rotation: {x: -0, y: -0, z: -0, w: 1}
    scale: {x: 0.35, y: 0.35, z: 0.35}
    isPlayer: 0
    useGravity: 1
  - localPosition: {x: -4.96, y: 0.65, z: -2.88}
    rotation: {x: -0, y: -0, z: -0, w: 1}
    scale: {x: 0.35, y: 0.35, z: 0.35}
    isPlayer: 0
    useGravity: 1
  - localPosition: {x: -4.96, y: 1, z: -2.88}
    rotation: {x: -0, y: -0, z: -0, w: 1}
    scale: {x: 0.35, y: 0.35, z: 0.35}
    isPlayer: 0
    useGravity: 1
  - localPosition: {x: -4.96, y: 0.29999995, z: -2.18}
    rotation: {x: -0, y: -0, z: -0, w: 1}
    scale: {x: 0.35, y: 0.35, z: 0.35}
    isPlayer: 0
    useGravity: 1
  - localPosition: {x: -4.96, y: 0.65, z: -2.18}
    rotation: {x: -0, y: -0, z: -0, w: 1}
    scale: {x: 0.35, y: 0.35, z: 0.35}
    isPlayer: 0
    useGravity: 1
  - localPosition: {x: -4.96, y: 1, z: -2.18}
    rotation: {x: -0, y: -0, z: -0, w: 1}
    scale: {x: 0.35, y: 0.35, z: 0.35}
    isPlayer: 0
    useGravity: 1
  - localPosition: {x: -4.61, y: 0.3, z: 6.9200006}
    rotation: {x: -0, y: -0, z: -0, w: 1}
    scale: {x: 0.35, y: 0.35, z: 0.35}
    isPlayer: 0
    useGravity: 1
  - localPosition: {x: -4.61, y: 0.3000002, z: 5.52}
    rotation: {x: -0, y: -0, z: -0, w: 1}
    scale: {x: 0.35, y: 0.35, z: 0.35}
    isPlayer: 0
    useGravity: 1
  - localPosition: {x: -3.9099998, y: 0.3, z: 6.9200006}
    rotation: {x: -0, y: -0, z: -0, w: 1}
    scale: {x: 0.35, y: 0.35, z: 0.35}
    isPlayer: 0
    useGravity: 1
  - localPosition: {x: -3.9099998, y: 0.3000002, z: 5.52}
    rotation: {x: -0, y: -0, z: -0, w: 1}
    scale: {x: 0.35, y: 0.35, z: 0.35}
    isPlayer: 0
    useGravity: 1
  - localPosition: {x: -3.21, y: 0.3, z: 6.9200006}
    rotation: {x: -0, y: -0, z: -0, w: 1}
    scale: {x: 0.35, y: 0.35, z: 0.35}
    isPlayer: 0
    useGravity: 1
  - localPosition: {x: -3.21, y: 0.3000002, z: 5.52}
    rotation: {x: -0, y: -0, z: -0, w: 1}
    scale: {x: 0.35, y: 0.35, z: 0.35}
    isPlayer: 0
    useGravity: 1
  - localPosition: {x: -2.51, y: 0.3, z: 6.9200006}
    rotation: {x: -0, y: -0, z: -0, w: 1}
    scale: {x: 0.35, y: 0.35, z: 0.35}
    isPlayer: 0
    useGravity: 1
  - localPosition: {x: -2.51, y: 0.3000002, z: 5.52}
    rotation: {x: -0, y: -0, z: -0, w: 1}
    scale: {x: 0.35, y: 0.35, z: 0.35}
    isPlayer: 0
    useGravity: 1
  - localPosition: {x: -4.61, y: 0.6499998, z: 6.9200006}
    rotation: {x: -0, y: -0, z: -0, w: 1}
    scale: {x: 0.35, y: 0.35, z: 0.35}
    isPlayer: 0
    useGravity: 1
  - localPosition: {x: -3.9099998, y: 0.6499998, z: 6.9200006}
    rotation: {x: -0, y: -0, z: -0, w: 1}
    scale: {x: 0.35, y: 0.35, z: 0.35}
    isPlayer: 0
    useGravity: 1
  - localPosition: {x: -3.21, y: 0.6499998, z: 6.9200006}
    rotation: {x: -0, y: -0, z: -0, w: 1}
    scale: {x: 0.35, y: 0.35, z: 0.35}
    isPlayer: 0
    useGravity: 1
  - localPosition: {x: -2.51, y: 0.6499998, z: 6.9200006}
    rotation: {x: -0, y: -0, z: -0, w: 1}
    scale: {x: 0.35, y: 0.35, z: 0.35}
    isPlayer: 0
    useGravity: 1
  - localPosition: {x: -4.96, y: 0.29999995, z: -3.58}
    rotation: {x: -0, y: -0, z: -0, w: 1}
    scale: {x: 0.35, y: 0.35, z: 0.35}
    isPlayer: 0
    useGravity: 1
  - localPosition: {x: -4.96, y: 0.65, z: -3.58}
    rotation: {x: -0, y: -0, z: -0, w: 1}
    scale: {x: 0.35, y: 0.35, z: 0.35}
    isPlayer: 0
    useGravity: 1
  - localPosition: {x: -4.96, y: 1, z: -3.58}
    rotation: {x: -0, y: -0, z: -0, w: 1}
    scale: {x: 0.35, y: 0.35, z: 0.35}
    isPlayer: 0
    useGravity: 1
  - localPosition: {x: -4.26, y: 0.29999995, z: -3.58}
    rotation: {x: -0, y: -0, z: -0, w: 1}
    scale: {x: 0.35, y: 0.35, z: 0.35}
    isPlayer: 0
    useGravity: 1
  - localPosition: {x: -4.26, y: 0.65, z: -3.58}
    rotation: {x: -0, y: -0, z: -0, w: 1}
    scale: {x: 0.35, y: 0.35, z: 0.35}
    isPlayer: 0
    useGravity: 1
  - localPosition: {x: -4.26, y: 1, z: -3.58}
    rotation: {x: -0, y: -0, z: -0, w: 1}
    scale: {x: 0.35, y: 0.35, z: 0.35}
    isPlayer: 0
    useGravity: 1
  - localPosition: {x: -4.26, y: 0.29999995, z: -2.88}
    rotation: {x: -0, y: -0, z: -0, w: 1}
    scale: {x: 0.35, y: 0.35, z: 0.35}
    isPlayer: 0
    useGravity: 1
  - localPosition: {x: -4.26, y: 0.65, z: -2.88}
    rotation: {x: -0, y: -0, z: -0, w: 1}
    scale: {x: 0.35, y: 0.35, z: 0.35}
    isPlayer: 0
    useGravity: 1
  - localPosition: {x: -4.26, y: 1, z: -2.88}
    rotation: {x: -0, y: -0, z: -0, w: 1}
    scale: {x: 0.35, y: 0.35, z: 0.35}
    isPlayer: 0
    useGravity: 1
  - localPosition: {x: -4.26, y: 0.29999995, z: -2.18}
    rotation: {x: -0, y: -0, z: -0, w: 1}
    scale: {x: 0.35, y: 0.35, z: 0.35}
    isPlayer: 0
    useGravity: 1
  - localPosition: {x: -4.26, y: 0.65, z: -2.18}
    rotation: {x: -0, y: -0, z: -0, w: 1}
    scale: {x: 0.35, y: 0.35, z: 0.35}
    isPlayer: 0
    useGravity: 1
  - localPosition: {x: -4.26, y: 1, z: -2.18}
    rotation: {x: -0, y: -0, z: -0, w: 1}
    scale: {x: 0.35, y: 0.35, z: 0.35}
    isPlayer: 0
    useGravity: 1
  - localPosition: {x: -4.96, y: 0.29999995, z: -1.48}
    rotation: {x: -0, y: -0, z: -0, w: 1}
    scale: {x: 0.35, y: 0.35, z: 0.35}
    isPlayer: 0
    useGravity: 1
  - localPosition: {x: -4.96, y: 0.65, z: -1.48}
    rotation: {x: -0, y: -0, z: -0, w: 1}
    scale: {x: 0.35, y: 0.35, z: 0.35}
    isPlayer: 0
    useGravity: 1
  - localPosition: {x: -4.96, y: 1, z: -1.48}
    rotation: {x: -0, y: -0, z: -0, w: 1}
    scale: {x: 0.35, y: 0.35, z: 0.35}
    isPlayer: 0
    useGravity: 1
  - localPosition: {x: -4.26, y: 0.29999995, z: -1.48}
    rotation: {x: -0, y: -0, z: -0, w: 1}
    scale: {x: 0.35, y: 0.35, z: 0.35}
    isPlayer: 0
    useGravity: 1
  - localPosition: {x: -4.26, y: 0.65, z: -1.48}
    rotation: {x: -0, y: -0, z: -0, w: 1}
    scale: {x: 0.35, y: 0.35, z: 0.35}
    isPlayer: 0
    useGravity: 1
  - localPosition: {x: -4.26, y: 1, z: -1.48}
    rotation: {x: -0, y: -0, z: -0, w: 1}
    scale: {x: 0.35, y: 0.35, z: 0.35}
    isPlayer: 0
    useGravity: 1
  - localPosition: {x: -3.56, y: 0.29999995, z: -3.58}
    rotation: {x: -0, y: -0, z: -0, w: 1}
    scale: {x: 0.35, y: 0.35, z: 0.35}
    isPlayer: 0
    useGravity: 1
  - localPosition: {x: -3.56, y: 0.65, z: -3.58}
    rotation: {x: -0, y: -0, z: -0, w: 1}
    scale: {x: 0.35, y: 0.35, z: 0.35}
    isPlayer: 0
    useGravity: 1
  - localPosition: {x: -3.56, y: 1, z: -3.58}
    rotation: {x: -0, y: -0, z: -0, w: 1}
    scale: {x: 0.35, y: 0.35, z: 0.35}
    isPlayer: 0
    useGravity: 1
  - localPosition: {x: -3.56, y: 0.29999995, z: -2.88}
    rotation: {x: -0, y: -0, z: -0, w: 1}
    scale: {x: 0.35, y: 0.35, z: 0.35}
    isPlayer: 0
    useGravity: 1
  - localPosition: {x: -3.56, y: 0.65, z: -2.88}
    rotation: {x: -0, y: -0, z: -0, w: 1}
    scale: {x: 0.35, y: 0.35, z: 0.35}
    isPlayer: 0
    useGravity: 1
  - localPosition: {x: -3.56, y: 1, z: -2.88}
    rotation: {x: -0, y: -0, z: -0, w: 1}
    scale: {x: 0.35, y: 0.35, z: 0.35}
    isPlayer: 0
    useGravity: 1
  - localPosition: {x: -3.56, y: 0.29999995, z: -2.18}
    rotation: {x: -0, y: -0, z: -0, w: 1}
    scale: {x: 0.35, y: 0.35, z: 0.35}
    isPlayer: 0
    useGravity: 1
  - localPosition: {x: -3.56, y: 0.65, z: -2.18}
    rotation: {x: -0, y: -0, z: -0, w: 1}
    scale: {x: 0.35, y: 0.35, z: 0.35}
    isPlayer: 0
    useGravity: 1
  - localPosition: {x: -3.56, y: 1, z: -2.18}
    rotation: {x: -0, y: -0, z: -0, w: 1}
    scale: {x: 0.35, y: 0.35, z: 0.35}
    isPlayer: 0
    useGravity: 1
  - localPosition: {x: -3.56, y: 0.29999995, z: -1.48}
    rotation: {x: -0, y: -0, z: -0, w: 1}
    scale: {x: 0.35, y: 0.35, z: 0.35}
    isPlayer: 0
    useGravity: 1
  - localPosition: {x: -3.56, y: 0.65, z: -1.48}
    rotation: {x: -0, y: -0, z: -0, w: 1}
    scale: {x: 0.35, y: 0.35, z: 0.35}
    isPlayer: 0
    useGravity: 1
  - localPosition: {x: -3.56, y: 1, z: -1.48}
    rotation: {x: -0, y: -0, z: -0, w: 1}
    scale: {x: 0.35, y: 0.35, z: 0.35}
    isPlayer: 0
    useGravity: 1
  - localPosition: {x: -2.86, y: 0.29999995, z: -3.58}
    rotation: {x: -0, y: -0, z: -0, w: 1}
    scale: {x: 0.35, y: 0.35, z: 0.35}
    isPlayer: 0
    useGravity: 1
  - localPosition: {x: -2.86, y: 0.65, z: -3.58}
    rotation: {x: -0, y: -0, z: -0, w: 1}
    scale: {x: 0.35, y: 0.35, z: 0.35}
    isPlayer: 0
    useGravity: 1
  - localPosition: {x: -2.86, y: 1, z: -3.58}
    rotation: {x: -0, y: -0, z: -0, w: 1}
    scale: {x: 0.35, y: 0.35, z: 0.35}
    isPlayer: 0
    useGravity: 1
  - localPosition: {x: -2.86, y: 0.29999995, z: -2.88}
    rotation: {x: -0, y: -0, z: -0, w: 1}
    scale: {x: 0.35, y: 0.35, z: 0.35}
    isPlayer: 0
    useGravity: 1
  - localPosition: {x: -2.86, y: 0.65, z: -2.88}
    rotation: {x: -0, y: -0, z: -0, w: 1}
    scale: {x: 0.35, y: 0.35, z: 0.35}
    isPlayer: 0
    useGravity: 1
  - localPosition: {x: -2.86, y: 1, z: -2.88}
    rotation: {x: -0, y: -0, z: -0, w: 1}
    scale: {x: 0.35, y: 0.35, z: 0.35}
    isPlayer: 0
    useGravity: 1
  - localPosition: {x: -2.86, y: 0.29999995, z: -2.18}
    rotation: {x: -0, y: -0, z: -0, w: 1}
    scale: {x: 0.35, y: 0.35, z: 0.35}
    isPlayer: 0
    useGravity: 1
  - localPosition: {x: -2.86, y: 0.65, z: -2.18}
    rotation: {x: -0, y: -0, z: -0, w: 1}
    scale: {x: 0.35, y: 0.35, z: 0.35}
    isPlayer: 0
    useGravity: 1
  - localPosition: {x: -2.86, y: 1, z: -2.18}
    rotation: {x: -0, y: -0, z: -0, w: 1}
    scale: {x: 0.35, y: 0.35, z: 0.35}
    isPlayer: 0
    useGravity: 1
  - localPosition: {x: -2.86, y: 0.29999995, z: -1.48}
    rotation: {x: -0, y: -0, z: -0, w: 1}
    scale: {x: 0.35, y: 0.35, z: 0.35}
    isPlayer: 0
    useGravity: 1
  - localPosition: {x: -2.86, y: 0.65, z: -1.48}
    rotation: {x: -0, y: -0, z: -0, w: 1}
    scale: {x: 0.35, y: 0.35, z: 0.35}
    isPlayer: 0
    useGravity: 1
  - localPosition: {x: -2.86, y: 1, z: -1.48}
    rotation: {x: -0, y: -0, z: -0, w: 1}
    scale: {x: 0.35, y: 0.35, z: 0.35}
    isPlayer: 0
    useGravity: 1
  - localPosition: {x: -4.61, y: 0.9999998, z: 6.9200006}
    rotation: {x: -0, y: -0, z: -0, w: 1}
    scale: {x: 0.35, y: 0.35, z: 0.35}
    isPlayer: 0
    useGravity: 1
  - localPosition: {x: -3.9099998, y: 0.9999998, z: 6.9200006}
    rotation: {x: -0, y: -0, z: -0, w: 1}
    scale: {x: 0.35, y: 0.35, z: 0.35}
    isPlayer: 0
    useGravity: 1
  - localPosition: {x: -3.21, y: 0.9999998, z: 6.9200006}
    rotation: {x: -0, y: -0, z: -0, w: 1}
    scale: {x: 0.35, y: 0.35, z: 0.35}
    isPlayer: 0
    useGravity: 1
  - localPosition: {x: -2.51, y: 0.9999998, z: 6.9200006}
    rotation: {x: -0, y: -0, z: -0, w: 1}
    scale: {x: 0.35, y: 0.35, z: 0.35}
    isPlayer: 0
    useGravity: 1
  - localPosition: {x: -4.61, y: 0.3000002, z: 6.22}
    rotation: {x: -0, y: -0, z: -0, w: 1}
    scale: {x: 0.35, y: 0.35, z: 0.35}
    isPlayer: 0
    useGravity: 1
  - localPosition: {x: -3.9099998, y: 0.3000002, z: 6.22}
    rotation: {x: -0, y: -0, z: -0, w: 1}
    scale: {x: 0.35, y: 0.35, z: 0.35}
    isPlayer: 0
    useGravity: 1
  - localPosition: {x: -3.21, y: 0.3000002, z: 6.22}
    rotation: {x: -0, y: -0, z: -0, w: 1}
    scale: {x: 0.35, y: 0.35, z: 0.35}
    isPlayer: 0
    useGravity: 1
  - localPosition: {x: -2.51, y: 0.3000002, z: 6.22}
    rotation: {x: -0, y: -0, z: -0, w: 1}
    scale: {x: 0.35, y: 0.35, z: 0.35}
    isPlayer: 0
    useGravity: 1
  - localPosition: {x: -4.61, y: 0.65, z: 6.22}
    rotation: {x: -0, y: -0, z: -0, w: 1}
    scale: {x: 0.35, y: 0.35, z: 0.35}
    isPlayer: 0
    useGravity: 1
  - localPosition: {x: -3.9099998, y: 0.65, z: 6.22}
    rotation: {x: -0, y: -0, z: -0, w: 1}
    scale: {x: 0.35, y: 0.35, z: 0.35}
    isPlayer: 0
    useGravity: 1
  - localPosition: {x: -3.21, y: 0.65, z: 6.22}
    rotation: {x: -0, y: -0, z: -0, w: 1}
    scale: {x: 0.35, y: 0.35, z: 0.35}
    isPlayer: 0
    useGravity: 1
  - localPosition: {x: -2.51, y: 0.65, z: 6.22}
    rotation: {x: -0, y: -0, z: -0, w: 1}
    scale: {x: 0.35, y: 0.35, z: 0.35}
    isPlayer: 0
    useGravity: 1
  - localPosition: {x: -1.81, y: 0.3, z: 6.9200006}
    rotation: {x: -0, y: -0, z: -0, w: 1}
    scale: {x: 0.35, y: 0.35, z: 0.35}
    isPlayer: 0
    useGravity: 1
  - localPosition: {x: -1.81, y: 0.3000002, z: 5.52}
    rotation: {x: -0, y: -0, z: -0, w: 1}
    scale: {x: 0.35, y: 0.35, z: 0.35}
    isPlayer: 0
    useGravity: 1
  - localPosition: {x: -1.1100001, y: 0.3, z: 6.9200006}
    rotation: {x: -0, y: -0, z: -0, w: 1}
    scale: {x: 0.35, y: 0.35, z: 0.35}
    isPlayer: 0
    useGravity: 1
  - localPosition: {x: -1.1100001, y: 0.3000002, z: 5.52}
    rotation: {x: -0, y: -0, z: -0, w: 1}
    scale: {x: 0.35, y: 0.35, z: 0.35}
    isPlayer: 0
    useGravity: 1
  - localPosition: {x: -0.40999985, y: 0.3, z: 6.9200006}
    rotation: {x: -0, y: -0, z: -0, w: 1}
    scale: {x: 0.35, y: 0.35, z: 0.35}
    isPlayer: 0
    useGravity: 1
  - localPosition: {x: -0.40999985, y: 0.3000002, z: 5.52}
    rotation: {x: -0, y: -0, z: -0, w: 1}
    scale: {x: 0.35, y: 0.35, z: 0.35}
    isPlayer: 0
    useGravity: 1
  - localPosition: {x: 0.28999996, y: 0.3, z: 6.9200006}
    rotation: {x: -0, y: -0, z: -0, w: 1}
    scale: {x: 0.35, y: 0.35, z: 0.35}
    isPlayer: 0
    useGravity: 1
  - localPosition: {x: 0.28999996, y: 0.3000002, z: 5.52}
    rotation: {x: -0, y: -0, z: -0, w: 1}
    scale: {x: 0.35, y: 0.35, z: 0.35}
    isPlayer: 0
    useGravity: 1
  - localPosition: {x: 0.99, y: 0.3, z: 6.9200006}
    rotation: {x: -0, y: -0, z: -0, w: 1}
    scale: {x: 0.35, y: 0.35, z: 0.35}
    isPlayer: 0
    useGravity: 1
  - localPosition: {x: 0.99, y: 0.3000002, z: 5.52}
    rotation: {x: -0, y: -0, z: -0, w: 1}
    scale: {x: 0.35, y: 0.35, z: 0.35}
    isPlayer: 0
    useGravity: 1
  - localPosition: {x: -1.81, y: 0.6499998, z: 6.9200006}
    rotation: {x: -0, y: -0, z: -0, w: 1}
    scale: {x: 0.35, y: 0.35, z: 0.35}
    isPlayer: 0
    useGravity: 1
  - localPosition: {x: -1.1100001, y: 0.6499998, z: 6.9200006}
    rotation: {x: -0, y: -0, z: -0, w: 1}
    scale: {x: 0.35, y: 0.35, z: 0.35}
    isPlayer: 0
    useGravity: 1
  - localPosition: {x: -0.40999985, y: 0.6499998, z: 6.9200006}
    rotation: {x: -0, y: -0, z: -0, w: 1}
    scale: {x: 0.35, y: 0.35, z: 0.35}
    isPlayer: 0
    useGravity: 1
  - localPosition: {x: 0.28999996, y: 0.6499998, z: 6.9200006}
    rotation: {x: -0, y: -0, z: -0, w: 1}
    scale: {x: 0.35, y: 0.35, z: 0.35}
    isPlayer: 0
    useGravity: 1
  - localPosition: {x: 0.99, y: 0.6499998, z: 6.9200006}
    rotation: {x: -0, y: -0, z: -0, w: 1}
    scale: {x: 0.35, y: 0.35, z: 0.35}
    isPlayer: 0
    useGravity: 1
  - localPosition: {x: -1.81, y: 0.9999998, z: 6.9200006}
    rotation: {x: -0, y: -0, z: -0, w: 1}
    scale: {x: 0.35, y: 0.35, z: 0.35}
    isPlayer: 0
    useGravity: 1
  - localPosition: {x: -1.1100001, y: 0.9999998, z: 6.9200006}
    rotation: {x: -0, y: -0, z: -0, w: 1}
    scale: {x: 0.35, y: 0.35, z: 0.35}
    isPlayer: 0
    useGravity: 1
  - localPosition: {x: -0.40999985, y: 0.9999998, z: 6.9200006}
    rotation: {x: -0, y: -0, z: -0, w: 1}
    scale: {x: 0.35, y: 0.35, z: 0.35}
    isPlayer: 0
    useGravity: 1
  - localPosition: {x: 0.28999996, y: 0.9999998, z: 6.9200006}
    rotation: {x: -0, y: -0, z: -0, w: 1}
    scale: {x: 0.35, y: 0.35, z: 0.35}
    isPlayer: 0
    useGravity: 1
  - localPosition: {x: 0.99, y: 0.9999998, z: 6.9200006}
    rotation: {x: -0, y: -0, z: -0, w: 1}
    scale: {x: 0.35, y: 0.35, z: 0.35}
    isPlayer: 0
    useGravity: 1
  - localPosition: {x: -1.81, y: 0.3000002, z: 6.22}
    rotation: {x: -0, y: -0, z: -0, w: 1}
    scale: {x: 0.35, y: 0.35, z: 0.35}
    isPlayer: 0
    useGravity: 1
  - localPosition: {x: -1.1100001, y: 0.3000002, z: 6.22}
    rotation: {x: -0, y: -0, z: -0, w: 1}
    scale: {x: 0.35, y: 0.35, z: 0.35}
    isPlayer: 0
    useGravity: 1
  - localPosition: {x: -0.40999985, y: 0.3000002, z: 6.22}
    rotation: {x: -0, y: -0, z: -0, w: 1}
    scale: {x: 0.35, y: 0.35, z: 0.35}
    isPlayer: 0
    useGravity: 1
  - localPosition: {x: 0.28999996, y: 0.3000002, z: 6.22}
    rotation: {x: -0, y: -0, z: -0, w: 1}
    scale: {x: 0.35, y: 0.35, z: 0.35}
    isPlayer: 0
    useGravity: 1
  - localPosition: {x: 0.99, y: 0.3000002, z: 6.22}
    rotation: {x: -0, y: -0, z: -0, w: 1}
    scale: {x: 0.35, y: 0.35, z: 0.35}
    isPlayer: 0
    useGravity: 1
  - localPosition: {x: -1.81, y: 0.65, z: 6.22}
    rotation: {x: -0, y: -0, z: -0, w: 1}
    scale: {x: 0.35, y: 0.35, z: 0.35}
    isPlayer: 0
    useGravity: 1
  - localPosition: {x: -1.1100001, y: 0.65, z: 6.22}
    rotation: {x: -0, y: -0, z: -0, w: 1}
    scale: {x: 0.35, y: 0.35, z: 0.35}
    isPlayer: 0
    useGravity: 1
  - localPosition: {x: -0.40999985, y: 0.65, z: 6.22}
    rotation: {x: -0, y: -0, z: -0, w: 1}
    scale: {x: 0.35, y: 0.35, z: 0.35}
    isPlayer: 0
    useGravity: 1
  - localPosition: {x: 0.28999996, y: 0.65, z: 6.22}
    rotation: {x: -0, y: -0, z: -0, w: 1}
    scale: {x: 0.35, y: 0.35, z: 0.35}
    isPlayer: 0
    useGravity: 1
  - localPosition: {x: 0.99, y: 0.65, z: 6.22}
    rotation: {x: -0, y: -0, z: -0, w: 1}
    scale: {x: 0.35, y: 0.35, z: 0.35}
    isPlayer: 0
    useGravity: 1
  - localPosition: {x: 1.69, y: 0.3, z: 6.9200006}
    rotation: {x: -0, y: -0, z: -0, w: 1}
    scale: {x: 0.35, y: 0.35, z: 0.35}
    isPlayer: 0
    useGravity: 1
  - localPosition: {x: 1.69, y: 0.3000002, z: 5.52}
    rotation: {x: -0, y: -0, z: -0, w: 1}
    scale: {x: 0.35, y: 0.35, z: 0.35}
    isPlayer: 0
    useGravity: 1
  - localPosition: {x: 2.3899999, y: 0.3, z: 6.9200006}
    rotation: {x: -0, y: -0, z: -0, w: 1}
    scale: {x: 0.35, y: 0.35, z: 0.35}
    isPlayer: 0
    useGravity: 1
  - localPosition: {x: 2.3899999, y: 0.3000002, z: 5.52}
    rotation: {x: -0, y: -0, z: -0, w: 1}
    scale: {x: 0.35, y: 0.35, z: 0.35}
    isPlayer: 0
    useGravity: 1
  - localPosition: {x: 3.0900002, y: 0.3, z: 6.9200006}
    rotation: {x: -0, y: -0, z: -0, w: 1}
    scale: {x: 0.35, y: 0.35, z: 0.35}
    isPlayer: 0
    useGravity: 1
  - localPosition: {x: 3.0900002, y: 0.3000002, z: 5.52}
    rotation: {x: -0, y: -0, z: -0, w: 1}
    scale: {x: 0.35, y: 0.35, z: 0.35}
    isPlayer: 0
    useGravity: 1
  - localPosition: {x: 3.79, y: 0.3, z: 6.9200006}
    rotation: {x: -0, y: -0, z: -0, w: 1}
    scale: {x: 0.35, y: 0.35, z: 0.35}
    isPlayer: 0
    useGravity: 1
  - localPosition: {x: 3.79, y: 0.3000002, z: 5.52}
    rotation: {x: -0, y: -0, z: -0, w: 1}
    scale: {x: 0.35, y: 0.35, z: 0.35}
    isPlayer: 0
    useGravity: 1
  - localPosition: {x: 4.49, y: 0.3, z: 6.9200006}
    rotation: {x: -0, y: -0, z: -0, w: 1}
    scale: {x: 0.35, y: 0.35, z: 0.35}
    isPlayer: 0
    useGravity: 1
  - localPosition: {x: 4.49, y: 0.3000002, z: 5.52}
    rotation: {x: -0, y: -0, z: -0, w: 1}
    scale: {x: 0.35, y: 0.35, z: 0.35}
    isPlayer: 0
    useGravity: 1
  - localPosition: {x: 1.69, y: 0.6499998, z: 6.9200006}
    rotation: {x: -0, y: -0, z: -0, w: 1}
    scale: {x: 0.35, y: 0.35, z: 0.35}
    isPlayer: 0
    useGravity: 1
  - localPosition: {x: 2.3899999, y: 0.6499998, z: 6.9200006}
    rotation: {x: -0, y: -0, z: -0, w: 1}
    scale: {x: 0.35, y: 0.35, z: 0.35}
    isPlayer: 0
    useGravity: 1
  - localPosition: {x: 3.0900002, y: 0.6499998, z: 6.9200006}
    rotation: {x: -0, y: -0, z: -0, w: 1}
    scale: {x: 0.35, y: 0.35, z: 0.35}
    isPlayer: 0
    useGravity: 1
  - localPosition: {x: 3.79, y: 0.6499998, z: 6.9200006}
    rotation: {x: -0, y: -0, z: -0, w: 1}
    scale: {x: 0.35, y: 0.35, z: 0.35}
    isPlayer: 0
    useGravity: 1
  - localPosition: {x: 4.49, y: 0.6499998, z: 6.9200006}
    rotation: {x: -0, y: -0, z: -0, w: 1}
    scale: {x: 0.35, y: 0.35, z: 0.35}
    isPlayer: 0
    useGravity: 1
  - localPosition: {x: 1.69, y: 0.9999998, z: 6.9200006}
    rotation: {x: -0, y: -0, z: -0, w: 1}
    scale: {x: 0.35, y: 0.35, z: 0.35}
    isPlayer: 0
    useGravity: 1
  - localPosition: {x: 2.3899999, y: 0.9999998, z: 6.9200006}
    rotation: {x: -0, y: -0, z: -0, w: 1}
    scale: {x: 0.35, y: 0.35, z: 0.35}
    isPlayer: 0
    useGravity: 1
  - localPosition: {x: 3.0900002, y: 0.9999998, z: 6.9200006}
    rotation: {x: -0, y: -0, z: -0, w: 1}
    scale: {x: 0.35, y: 0.35, z: 0.35}
    isPlayer: 0
    useGravity: 1
  - localPosition: {x: 3.79, y: 0.9999998, z: 6.9200006}
    rotation: {x: -0, y: -0, z: -0, w: 1}
    scale: {x: 0.35, y: 0.35, z: 0.35}
    isPlayer: 0
    useGravity: 1
  - localPosition: {x: 4.49, y: 0.9999998, z: 6.9200006}
    rotation: {x: -0, y: -0, z: -0, w: 1}
    scale: {x: 0.35, y: 0.35, z: 0.35}
    isPlayer: 0
    useGravity: 1
  - localPosition: {x: 1.69, y: 0.3000002, z: 6.22}
    rotation: {x: -0, y: -0, z: -0, w: 1}
    scale: {x: 0.35, y: 0.35, z: 0.35}
    isPlayer: 0
    useGravity: 1
  - localPosition: {x: 2.3899999, y: 0.3000002, z: 6.22}
    rotation: {x: -0, y: -0, z: -0, w: 1}
    scale: {x: 0.35, y: 0.35, z: 0.35}
    isPlayer: 0
    useGravity: 1
  - localPosition: {x: 3.0900002, y: 0.3000002, z: 6.22}
    rotation: {x: -0, y: -0, z: -0, w: 1}
    scale: {x: 0.35, y: 0.35, z: 0.35}
    isPlayer: 0
    useGravity: 1
  - localPosition: {x: 3.79, y: 0.3000002, z: 6.22}
    rotation: {x: -0, y: -0, z: -0, w: 1}
    scale: {x: 0.35, y: 0.35, z: 0.35}
    isPlayer: 0
    useGravity: 1
  - localPosition: {x: 4.49, y: 0.3000002, z: 6.22}
    rotation: {x: -0, y: -0, z: -0, w: 1}
    scale: {x: 0.35, y: 0.35, z: 0.35}
    isPlayer: 0
    useGravity: 1
  - localPosition: {x: 1.69, y: 0.65, z: 6.22}
    rotation: {x: -0, y: -0, z: -0, w: 1}
    scale: {x: 0.35, y: 0.35, z: 0.35}
    isPlayer: 0
    useGravity: 1
  - localPosition: {x: 2.3899999, y: 0.65, z: 6.22}
    rotation: {x: -0, y: -0, z: -0, w: 1}
    scale: {x: 0.35, y: 0.35, z: 0.35}
    isPlayer: 0
    useGravity: 1
  - localPosition: {x: 3.0900002, y: 0.65, z: 6.22}
    rotation: {x: -0, y: -0, z: -0, w: 1}
    scale: {x: 0.35, y: 0.35, z: 0.35}
    isPlayer: 0
    useGravity: 1
  - localPosition: {x: 3.79, y: 0.65, z: 6.22}
    rotation: {x: -0, y: -0, z: -0, w: 1}
    scale: {x: 0.35, y: 0.35, z: 0.35}
    isPlayer: 0
    useGravity: 1
  - localPosition: {x: 4.49, y: 0.65, z: 6.22}
    rotation: {x: -0, y: -0, z: -0, w: 1}
    scale: {x: 0.35, y: 0.35, z: 0.35}
    isPlayer: 0
    useGravity: 1
  cubes: []
  gameOverObstaclePos: {x: 0, y: 0, z: 0}
--- !u!1 &8767021091402443843
GameObject:
  m_ObjectHideFlags: 0
  m_CorrespondingSourceObject: {fileID: 0}
  m_PrefabInstance: {fileID: 0}
  m_PrefabAsset: {fileID: 0}
  serializedVersion: 6
  m_Component:
  - component: {fileID: 8767021091402443841}
  - component: {fileID: 4061629244946597318}
  m_Layer: 0
  m_Name: Stage3
  m_TagString: Untagged
  m_Icon: {fileID: 0}
  m_NavMeshLayer: 0
  m_StaticEditorFlags: 0
  m_IsActive: 1
--- !u!4 &8767021091402443841
Transform:
  m_ObjectHideFlags: 0
  m_CorrespondingSourceObject: {fileID: 0}
  m_PrefabInstance: {fileID: 0}
  m_PrefabAsset: {fileID: 0}
  m_GameObject: {fileID: 8767021091402443843}
  m_LocalRotation: {x: 0, y: 0, z: 0, w: 1}
  m_LocalPosition: {x: 0, y: 0, z: 0}
  m_LocalScale: {x: 1, y: 1, z: 1}
  m_Children:
  - {fileID: 2188742810607123475}
  - {fileID: 8767021090987240872}
  - {fileID: 4321359132988557134}
  - {fileID: 5373518404238389960}
  - {fileID: 8887426201512215027}
  - {fileID: 346826246794722993}
  - {fileID: 6825329592428079239}
  - {fileID: 2835547710198966063}
  - {fileID: 2004098110206687988}
  - {fileID: 953184216509494274}
  m_Father: {fileID: 0}
  m_RootOrder: 0
  m_LocalEulerAnglesHint: {x: 0, y: 0, z: 0}
--- !u!114 &4061629244946597318
MonoBehaviour:
  m_ObjectHideFlags: 0
  m_CorrespondingSourceObject: {fileID: 0}
  m_PrefabInstance: {fileID: 0}
  m_PrefabAsset: {fileID: 0}
  m_GameObject: {fileID: 8767021091402443843}
  m_Enabled: 1
  m_EditorHideFlags: 0
  m_Script: {fileID: 11500000, guid: 195d3fc22d0234be0bf3bcfd899b4b74, type: 3}
  m_Name: 
  m_EditorClassIdentifier: 
  cubeController: {fileID: 8767021090987240871}
  stageBeginTransform: {fileID: 2835547710198966063}
  stageEndTransform: {fileID: 2004098110206687988}
--- !u!1001 &475437281202631423
PrefabInstance:
  m_ObjectHideFlags: 0
  serializedVersion: 2
  m_Modification:
    m_TransformParent: {fileID: 8767021091402443841}
    m_Modifications:
    - target: {fileID: 3485848820681839443, guid: 680700280663846de9bc5f88663d0aaf,
        type: 3}
      propertyPath: m_Name
      value: JustCube
      objectReference: {fileID: 0}
    - target: {fileID: 6350469830246423160, guid: 680700280663846de9bc5f88663d0aaf,
        type: 3}
      propertyPath: m_LocalPosition.x
      value: -0.07
      objectReference: {fileID: 0}
    - target: {fileID: 6350469830246423160, guid: 680700280663846de9bc5f88663d0aaf,
        type: 3}
      propertyPath: m_LocalPosition.y
      value: 0.16
      objectReference: {fileID: 0}
    - target: {fileID: 6350469830246423160, guid: 680700280663846de9bc5f88663d0aaf,
        type: 3}
      propertyPath: m_LocalPosition.z
      value: 2.4
      objectReference: {fileID: 0}
    - target: {fileID: 6350469830246423160, guid: 680700280663846de9bc5f88663d0aaf,
        type: 3}
      propertyPath: m_LocalRotation.x
      value: 0
      objectReference: {fileID: 0}
    - target: {fileID: 6350469830246423160, guid: 680700280663846de9bc5f88663d0aaf,
        type: 3}
      propertyPath: m_LocalRotation.y
      value: 0
      objectReference: {fileID: 0}
    - target: {fileID: 6350469830246423160, guid: 680700280663846de9bc5f88663d0aaf,
        type: 3}
      propertyPath: m_LocalRotation.z
      value: 0
      objectReference: {fileID: 0}
    - target: {fileID: 6350469830246423160, guid: 680700280663846de9bc5f88663d0aaf,
        type: 3}
      propertyPath: m_LocalRotation.w
      value: 1
      objectReference: {fileID: 0}
    - target: {fileID: 6350469830246423160, guid: 680700280663846de9bc5f88663d0aaf,
        type: 3}
      propertyPath: m_RootOrder
      value: 6
      objectReference: {fileID: 0}
    - target: {fileID: 6350469830246423160, guid: 680700280663846de9bc5f88663d0aaf,
        type: 3}
      propertyPath: m_LocalEulerAnglesHint.x
      value: -15.000001
      objectReference: {fileID: 0}
    - target: {fileID: 6350469830246423160, guid: 680700280663846de9bc5f88663d0aaf,
        type: 3}
      propertyPath: m_LocalEulerAnglesHint.y
      value: 0
      objectReference: {fileID: 0}
    - target: {fileID: 6350469830246423160, guid: 680700280663846de9bc5f88663d0aaf,
        type: 3}
      propertyPath: m_LocalEulerAnglesHint.z
      value: 0
      objectReference: {fileID: 0}
    - target: {fileID: 6350469830246423160, guid: 680700280663846de9bc5f88663d0aaf,
        type: 3}
      propertyPath: m_LocalScale.z
      value: 0.33839586
      objectReference: {fileID: 0}
    - target: {fileID: 6350469830246423160, guid: 680700280663846de9bc5f88663d0aaf,
        type: 3}
      propertyPath: m_LocalScale.x
      value: 11.684843
      objectReference: {fileID: 0}
    - target: {fileID: 1057737217816438132, guid: 680700280663846de9bc5f88663d0aaf,
        type: 3}
      propertyPath: m_Materials.Array.data[0]
      value: 
      objectReference: {fileID: 2100000, guid: 4a586cc37698c4930bbe54a85e3e675d, type: 2}
    m_RemovedComponents: []
  m_SourcePrefab: {fileID: 100100000, guid: 680700280663846de9bc5f88663d0aaf, type: 3}
--- !u!4 &6825329592428079239 stripped
Transform:
  m_CorrespondingSourceObject: {fileID: 6350469830246423160, guid: 680700280663846de9bc5f88663d0aaf,
    type: 3}
  m_PrefabInstance: {fileID: 475437281202631423}
  m_PrefabAsset: {fileID: 0}
--- !u!1001 &1146208205496293842
PrefabInstance:
  m_ObjectHideFlags: 0
  serializedVersion: 2
  m_Modification:
    m_TransformParent: {fileID: 8767021091402443841}
    m_Modifications:
    - target: {fileID: -927199367670048503, guid: 38af95f99da9f48e0a90768e6ed7e26a,
        type: 3}
      propertyPath: m_Name
      value: platform
      objectReference: {fileID: 0}
    - target: {fileID: -927199367670048503, guid: 38af95f99da9f48e0a90768e6ed7e26a,
        type: 3}
      propertyPath: m_IsActive
      value: 0
      objectReference: {fileID: 0}
    - target: {fileID: -4216859302048453862, guid: 38af95f99da9f48e0a90768e6ed7e26a,
        type: 3}
      propertyPath: m_LocalPosition.x
      value: -0
      objectReference: {fileID: 0}
    - target: {fileID: -4216859302048453862, guid: 38af95f99da9f48e0a90768e6ed7e26a,
        type: 3}
      propertyPath: m_LocalPosition.y
      value: -1.45
      objectReference: {fileID: 0}
    - target: {fileID: -4216859302048453862, guid: 38af95f99da9f48e0a90768e6ed7e26a,
        type: 3}
      propertyPath: m_LocalPosition.z
      value: 0
      objectReference: {fileID: 0}
    - target: {fileID: -4216859302048453862, guid: 38af95f99da9f48e0a90768e6ed7e26a,
        type: 3}
      propertyPath: m_LocalRotation.x
      value: 0
      objectReference: {fileID: 0}
    - target: {fileID: -4216859302048453862, guid: 38af95f99da9f48e0a90768e6ed7e26a,
        type: 3}
      propertyPath: m_LocalRotation.y
      value: -0
      objectReference: {fileID: 0}
    - target: {fileID: -4216859302048453862, guid: 38af95f99da9f48e0a90768e6ed7e26a,
        type: 3}
      propertyPath: m_LocalRotation.z
      value: -0
      objectReference: {fileID: 0}
    - target: {fileID: -4216859302048453862, guid: 38af95f99da9f48e0a90768e6ed7e26a,
        type: 3}
      propertyPath: m_LocalRotation.w
      value: 1
      objectReference: {fileID: 0}
    - target: {fileID: -4216859302048453862, guid: 38af95f99da9f48e0a90768e6ed7e26a,
        type: 3}
      propertyPath: m_RootOrder
      value: 3
      objectReference: {fileID: 0}
    - target: {fileID: -4216859302048453862, guid: 38af95f99da9f48e0a90768e6ed7e26a,
        type: 3}
      propertyPath: m_LocalEulerAnglesHint.x
      value: 0
      objectReference: {fileID: 0}
    - target: {fileID: -4216859302048453862, guid: 38af95f99da9f48e0a90768e6ed7e26a,
        type: 3}
      propertyPath: m_LocalEulerAnglesHint.y
      value: 0
      objectReference: {fileID: 0}
    - target: {fileID: -4216859302048453862, guid: 38af95f99da9f48e0a90768e6ed7e26a,
        type: 3}
      propertyPath: m_LocalEulerAnglesHint.z
      value: 0
      objectReference: {fileID: 0}
    m_RemovedComponents: []
  m_SourcePrefab: {fileID: 100100000, guid: 38af95f99da9f48e0a90768e6ed7e26a, type: 3}
--- !u!4 &5373518404238389960 stripped
Transform:
  m_CorrespondingSourceObject: {fileID: -4216859302048453862, guid: 38af95f99da9f48e0a90768e6ed7e26a,
    type: 3}
  m_PrefabInstance: {fileID: 1146208205496293842}
  m_PrefabAsset: {fileID: 0}
--- !u!1001 &2156962739940934858
PrefabInstance:
  m_ObjectHideFlags: 0
  serializedVersion: 2
  m_Modification:
    m_TransformParent: {fileID: 8767021091402443841}
    m_Modifications:
    - target: {fileID: 4102528079911892307, guid: 39c88f579fc23467ca107b73c254f1f3,
        type: 3}
      propertyPath: m_Name
      value: Border
      objectReference: {fileID: 0}
    - target: {fileID: 2744837403859649412, guid: 39c88f579fc23467ca107b73c254f1f3,
        type: 3}
      propertyPath: m_LocalPosition.x
      value: 0
      objectReference: {fileID: 0}
    - target: {fileID: 2744837403859649412, guid: 39c88f579fc23467ca107b73c254f1f3,
        type: 3}
      propertyPath: m_LocalPosition.y
      value: 0
      objectReference: {fileID: 0}
    - target: {fileID: 2744837403859649412, guid: 39c88f579fc23467ca107b73c254f1f3,
        type: 3}
      propertyPath: m_LocalPosition.z
      value: 0
      objectReference: {fileID: 0}
    - target: {fileID: 2744837403859649412, guid: 39c88f579fc23467ca107b73c254f1f3,
        type: 3}
      propertyPath: m_LocalRotation.x
      value: 0
      objectReference: {fileID: 0}
    - target: {fileID: 2744837403859649412, guid: 39c88f579fc23467ca107b73c254f1f3,
        type: 3}
      propertyPath: m_LocalRotation.y
      value: 0
      objectReference: {fileID: 0}
    - target: {fileID: 2744837403859649412, guid: 39c88f579fc23467ca107b73c254f1f3,
        type: 3}
      propertyPath: m_LocalRotation.z
      value: 0
      objectReference: {fileID: 0}
    - target: {fileID: 2744837403859649412, guid: 39c88f579fc23467ca107b73c254f1f3,
        type: 3}
      propertyPath: m_LocalRotation.w
      value: 1
      objectReference: {fileID: 0}
    - target: {fileID: 2744837403859649412, guid: 39c88f579fc23467ca107b73c254f1f3,
        type: 3}
      propertyPath: m_RootOrder
      value: 2
      objectReference: {fileID: 0}
    - target: {fileID: 2744837403859649412, guid: 39c88f579fc23467ca107b73c254f1f3,
        type: 3}
      propertyPath: m_LocalEulerAnglesHint.x
      value: 0
      objectReference: {fileID: 0}
    - target: {fileID: 2744837403859649412, guid: 39c88f579fc23467ca107b73c254f1f3,
        type: 3}
      propertyPath: m_LocalEulerAnglesHint.y
      value: 0
      objectReference: {fileID: 0}
    - target: {fileID: 2744837403859649412, guid: 39c88f579fc23467ca107b73c254f1f3,
        type: 3}
      propertyPath: m_LocalEulerAnglesHint.z
      value: 0
      objectReference: {fileID: 0}
    m_RemovedComponents: []
  m_SourcePrefab: {fileID: 100100000, guid: 39c88f579fc23467ca107b73c254f1f3, type: 3}
--- !u!4 &4321359132988557134 stripped
Transform:
  m_CorrespondingSourceObject: {fileID: 2744837403859649412, guid: 39c88f579fc23467ca107b73c254f1f3,
    type: 3}
  m_PrefabInstance: {fileID: 2156962739940934858}
  m_PrefabAsset: {fileID: 0}
--- !u!1001 &4480184171879934697
PrefabInstance:
  m_ObjectHideFlags: 0
  serializedVersion: 2
  m_Modification:
    m_TransformParent: {fileID: 8767021091402443841}
    m_Modifications:
    - target: {fileID: -927199367670048503, guid: d18c0229e12d644ed802d00ab225befd,
        type: 3}
      propertyPath: m_Name
      value: platform2
      objectReference: {fileID: 0}
    - target: {fileID: -927199367670048503, guid: d18c0229e12d644ed802d00ab225befd,
        type: 3}
      propertyPath: m_IsActive
      value: 0
      objectReference: {fileID: 0}
    - target: {fileID: -4216859302048453862, guid: d18c0229e12d644ed802d00ab225befd,
        type: 3}
      propertyPath: m_LocalPosition.x
      value: 0
      objectReference: {fileID: 0}
    - target: {fileID: -4216859302048453862, guid: d18c0229e12d644ed802d00ab225befd,
        type: 3}
      propertyPath: m_LocalPosition.y
      value: -2.5
      objectReference: {fileID: 0}
    - target: {fileID: -4216859302048453862, guid: d18c0229e12d644ed802d00ab225befd,
        type: 3}
      propertyPath: m_LocalPosition.z
      value: 0.09437481
      objectReference: {fileID: 0}
    - target: {fileID: -4216859302048453862, guid: d18c0229e12d644ed802d00ab225befd,
        type: 3}
      propertyPath: m_LocalRotation.x
      value: 0.7071068
      objectReference: {fileID: 0}
    - target: {fileID: -4216859302048453862, guid: d18c0229e12d644ed802d00ab225befd,
        type: 3}
      propertyPath: m_LocalRotation.y
      value: 0
      objectReference: {fileID: 0}
    - target: {fileID: -4216859302048453862, guid: d18c0229e12d644ed802d00ab225befd,
        type: 3}
      propertyPath: m_LocalRotation.z
      value: 0
      objectReference: {fileID: 0}
    - target: {fileID: -4216859302048453862, guid: d18c0229e12d644ed802d00ab225befd,
        type: 3}
      propertyPath: m_LocalRotation.w
      value: -0.7071068
      objectReference: {fileID: 0}
    - target: {fileID: -4216859302048453862, guid: d18c0229e12d644ed802d00ab225befd,
        type: 3}
      propertyPath: m_RootOrder
      value: 4
      objectReference: {fileID: 0}
    - target: {fileID: -4216859302048453862, guid: d18c0229e12d644ed802d00ab225befd,
        type: 3}
      propertyPath: m_LocalEulerAnglesHint.x
      value: 0
      objectReference: {fileID: 0}
    - target: {fileID: -4216859302048453862, guid: d18c0229e12d644ed802d00ab225befd,
        type: 3}
      propertyPath: m_LocalEulerAnglesHint.y
      value: 0
      objectReference: {fileID: 0}
    - target: {fileID: -4216859302048453862, guid: d18c0229e12d644ed802d00ab225befd,
        type: 3}
      propertyPath: m_LocalEulerAnglesHint.z
      value: 0
      objectReference: {fileID: 0}
    - target: {fileID: -4216859302048453862, guid: d18c0229e12d644ed802d00ab225befd,
        type: 3}
      propertyPath: m_LocalScale.x
      value: 1.2
      objectReference: {fileID: 0}
    - target: {fileID: -4216859302048453862, guid: d18c0229e12d644ed802d00ab225befd,
        type: 3}
      propertyPath: m_LocalScale.y
      value: 1.2
      objectReference: {fileID: 0}
    - target: {fileID: -4216859302048453862, guid: d18c0229e12d644ed802d00ab225befd,
        type: 3}
      propertyPath: m_LocalScale.z
      value: 1.2
      objectReference: {fileID: 0}
    - target: {fileID: -1504981713932161579, guid: d18c0229e12d644ed802d00ab225befd,
        type: 3}
      propertyPath: m_Materials.Array.data[0]
      value: 
      objectReference: {fileID: 2100000, guid: 4b9e770a172984869a74fb077f29b9d4, type: 2}
    m_RemovedComponents: []
  m_SourcePrefab: {fileID: 100100000, guid: d18c0229e12d644ed802d00ab225befd, type: 3}
--- !u!4 &8887426201512215027 stripped
Transform:
  m_CorrespondingSourceObject: {fileID: -4216859302048453862, guid: d18c0229e12d644ed802d00ab225befd,
    type: 3}
  m_PrefabInstance: {fileID: 4480184171879934697}
  m_PrefabAsset: {fileID: 0}
--- !u!1001 &4731761951475144107
PrefabInstance:
  m_ObjectHideFlags: 0
  serializedVersion: 2
  m_Modification:
    m_TransformParent: {fileID: 8767021091402443841}
    m_Modifications:
    - target: {fileID: -927199367670048503, guid: 01211b676644c43cc9509c0186639334,
        type: 3}
      propertyPath: m_Name
      value: plt
      objectReference: {fileID: 0}
    - target: {fileID: -4216859302048453862, guid: 01211b676644c43cc9509c0186639334,
        type: 3}
      propertyPath: m_LocalPosition.x
      value: 0.56
      objectReference: {fileID: 0}
    - target: {fileID: -4216859302048453862, guid: 01211b676644c43cc9509c0186639334,
        type: 3}
      propertyPath: m_LocalPosition.y
      value: -2.5
      objectReference: {fileID: 0}
    - target: {fileID: -4216859302048453862, guid: 01211b676644c43cc9509c0186639334,
        type: 3}
      propertyPath: m_LocalPosition.z
      value: -0.5
      objectReference: {fileID: 0}
    - target: {fileID: -4216859302048453862, guid: 01211b676644c43cc9509c0186639334,
        type: 3}
      propertyPath: m_LocalRotation.x
      value: 0
      objectReference: {fileID: 0}
    - target: {fileID: -4216859302048453862, guid: 01211b676644c43cc9509c0186639334,
        type: 3}
      propertyPath: m_LocalRotation.y
      value: 0
      objectReference: {fileID: 0}
    - target: {fileID: -4216859302048453862, guid: 01211b676644c43cc9509c0186639334,
        type: 3}
      propertyPath: m_LocalRotation.z
      value: 0
      objectReference: {fileID: 0}
    - target: {fileID: -4216859302048453862, guid: 01211b676644c43cc9509c0186639334,
        type: 3}
      propertyPath: m_LocalRotation.w
      value: 1
      objectReference: {fileID: 0}
    - target: {fileID: -4216859302048453862, guid: 01211b676644c43cc9509c0186639334,
        type: 3}
      propertyPath: m_RootOrder
      value: 5
      objectReference: {fileID: 0}
    - target: {fileID: -4216859302048453862, guid: 01211b676644c43cc9509c0186639334,
        type: 3}
      propertyPath: m_LocalEulerAnglesHint.x
      value: 0
      objectReference: {fileID: 0}
    - target: {fileID: -4216859302048453862, guid: 01211b676644c43cc9509c0186639334,
        type: 3}
      propertyPath: m_LocalEulerAnglesHint.y
      value: 0
      objectReference: {fileID: 0}
    - target: {fileID: -4216859302048453862, guid: 01211b676644c43cc9509c0186639334,
        type: 3}
      propertyPath: m_LocalEulerAnglesHint.z
      value: 0
      objectReference: {fileID: 0}
    - target: {fileID: -4216859302048453862, guid: 01211b676644c43cc9509c0186639334,
        type: 3}
      propertyPath: m_LocalScale.x
      value: 1.2
      objectReference: {fileID: 0}
    - target: {fileID: -4216859302048453862, guid: 01211b676644c43cc9509c0186639334,
        type: 3}
      propertyPath: m_LocalScale.y
      value: 1.2
      objectReference: {fileID: 0}
    - target: {fileID: -4216859302048453862, guid: 01211b676644c43cc9509c0186639334,
        type: 3}
      propertyPath: m_LocalScale.z
      value: 1.2
      objectReference: {fileID: 0}
    - target: {fileID: 8405317065323677370, guid: 01211b676644c43cc9509c0186639334,
        type: 3}
      propertyPath: m_Materials.Array.data[0]
      value: 
      objectReference: {fileID: 2100000, guid: ac472f06024bb43dabbb5de33e810884, type: 2}
    - target: {fileID: 2726396221703951952, guid: 01211b676644c43cc9509c0186639334,
        type: 3}
      propertyPath: m_Materials.Array.data[0]
      value: 
      objectReference: {fileID: 2100000, guid: 4b9e770a172984869a74fb077f29b9d4, type: 2}
    m_RemovedComponents: []
  m_SourcePrefab: {fileID: 100100000, guid: 01211b676644c43cc9509c0186639334, type: 3}
--- !u!4 &346826246794722993 stripped
Transform:
  m_CorrespondingSourceObject: {fileID: -4216859302048453862, guid: 01211b676644c43cc9509c0186639334,
    type: 3}
  m_PrefabInstance: {fileID: 4731761951475144107}
  m_PrefabAsset: {fileID: 0}
--- !u!1001 &6312775537033982863
PrefabInstance:
  m_ObjectHideFlags: 0
  serializedVersion: 2
  m_Modification:
    m_TransformParent: {fileID: 8767021091402443841}
    m_Modifications:
    - target: {fileID: 2164193801403721715, guid: 31b2c9b6e81fb4352a40e66b028c2321,
        type: 3}
      propertyPath: m_Name
      value: CylinderUpDown
      objectReference: {fileID: 0}
    - target: {fileID: 6530527430872991629, guid: 31b2c9b6e81fb4352a40e66b028c2321,
        type: 3}
      propertyPath: m_LocalPosition.x
      value: 3.95
      objectReference: {fileID: 0}
    - target: {fileID: 6530527430872991629, guid: 31b2c9b6e81fb4352a40e66b028c2321,
        type: 3}
      propertyPath: m_LocalPosition.y
      value: 0
      objectReference: {fileID: 0}
    - target: {fileID: 6530527430872991629, guid: 31b2c9b6e81fb4352a40e66b028c2321,
        type: 3}
      propertyPath: m_LocalPosition.z
      value: 0
      objectReference: {fileID: 0}
    - target: {fileID: 6530527430872991629, guid: 31b2c9b6e81fb4352a40e66b028c2321,
        type: 3}
      propertyPath: m_LocalRotation.x
      value: 0
      objectReference: {fileID: 0}
    - target: {fileID: 6530527430872991629, guid: 31b2c9b6e81fb4352a40e66b028c2321,
        type: 3}
      propertyPath: m_LocalRotation.y
      value: 0
      objectReference: {fileID: 0}
    - target: {fileID: 6530527430872991629, guid: 31b2c9b6e81fb4352a40e66b028c2321,
        type: 3}
      propertyPath: m_LocalRotation.z
      value: 0
      objectReference: {fileID: 0}
    - target: {fileID: 6530527430872991629, guid: 31b2c9b6e81fb4352a40e66b028c2321,
        type: 3}
      propertyPath: m_LocalRotation.w
      value: 1
      objectReference: {fileID: 0}
    - target: {fileID: 6530527430872991629, guid: 31b2c9b6e81fb4352a40e66b028c2321,
        type: 3}
      propertyPath: m_RootOrder
      value: 9
      objectReference: {fileID: 0}
    - target: {fileID: 6530527430872991629, guid: 31b2c9b6e81fb4352a40e66b028c2321,
        type: 3}
      propertyPath: m_LocalEulerAnglesHint.x
      value: 0
      objectReference: {fileID: 0}
    - target: {fileID: 6530527430872991629, guid: 31b2c9b6e81fb4352a40e66b028c2321,
        type: 3}
      propertyPath: m_LocalEulerAnglesHint.y
      value: 0
      objectReference: {fileID: 0}
    - target: {fileID: 6530527430872991629, guid: 31b2c9b6e81fb4352a40e66b028c2321,
        type: 3}
      propertyPath: m_LocalEulerAnglesHint.z
      value: 0
      objectReference: {fileID: 0}
    m_RemovedComponents: []
  m_SourcePrefab: {fileID: 100100000, guid: 31b2c9b6e81fb4352a40e66b028c2321, type: 3}
--- !u!4 &953184216509494274 stripped
Transform:
  m_CorrespondingSourceObject: {fileID: 6530527430872991629, guid: 31b2c9b6e81fb4352a40e66b028c2321,
    type: 3}
  m_PrefabInstance: {fileID: 6312775537033982863}
  m_PrefabAsset: {fileID: 0}
--- !u!1001 &8767021092897635009
PrefabInstance:
  m_ObjectHideFlags: 0
  serializedVersion: 2
  m_Modification:
    m_TransformParent: {fileID: 8767021091402443841}
    m_Modifications:
    - target: {fileID: 5885667182548792513, guid: 570d6cf34a61d4e419934fbe95f88ee3,
        type: 3}
      propertyPath: m_Name
      value: SimplePlane
      objectReference: {fileID: 0}
    - target: {fileID: 5885667182548792513, guid: 570d6cf34a61d4e419934fbe95f88ee3,
        type: 3}
      propertyPath: m_IsActive
      value: 0
      objectReference: {fileID: 0}
    - target: {fileID: 7490980170168813266, guid: 570d6cf34a61d4e419934fbe95f88ee3,
        type: 3}
      propertyPath: m_LocalPosition.x
      value: 0
      objectReference: {fileID: 0}
    - target: {fileID: 7490980170168813266, guid: 570d6cf34a61d4e419934fbe95f88ee3,
        type: 3}
      propertyPath: m_LocalPosition.y
      value: -0
      objectReference: {fileID: 0}
    - target: {fileID: 7490980170168813266, guid: 570d6cf34a61d4e419934fbe95f88ee3,
        type: 3}
      propertyPath: m_LocalPosition.z
      value: 0
      objectReference: {fileID: 0}
    - target: {fileID: 7490980170168813266, guid: 570d6cf34a61d4e419934fbe95f88ee3,
        type: 3}
      propertyPath: m_LocalRotation.x
      value: 0
      objectReference: {fileID: 0}
    - target: {fileID: 7490980170168813266, guid: 570d6cf34a61d4e419934fbe95f88ee3,
        type: 3}
      propertyPath: m_LocalRotation.y
      value: 0
      objectReference: {fileID: 0}
    - target: {fileID: 7490980170168813266, guid: 570d6cf34a61d4e419934fbe95f88ee3,
        type: 3}
      propertyPath: m_LocalRotation.z
      value: 0
      objectReference: {fileID: 0}
    - target: {fileID: 7490980170168813266, guid: 570d6cf34a61d4e419934fbe95f88ee3,
        type: 3}
      propertyPath: m_LocalRotation.w
      value: 1
      objectReference: {fileID: 0}
    - target: {fileID: 7490980170168813266, guid: 570d6cf34a61d4e419934fbe95f88ee3,
        type: 3}
      propertyPath: m_RootOrder
      value: 0
      objectReference: {fileID: 0}
    - target: {fileID: 7490980170168813266, guid: 570d6cf34a61d4e419934fbe95f88ee3,
        type: 3}
      propertyPath: m_LocalEulerAnglesHint.x
      value: 0
      objectReference: {fileID: 0}
    - target: {fileID: 7490980170168813266, guid: 570d6cf34a61d4e419934fbe95f88ee3,
        type: 3}
      propertyPath: m_LocalEulerAnglesHint.y
      value: 0
      objectReference: {fileID: 0}
    - target: {fileID: 7490980170168813266, guid: 570d6cf34a61d4e419934fbe95f88ee3,
        type: 3}
      propertyPath: m_LocalEulerAnglesHint.z
      value: 0
      objectReference: {fileID: 0}
    - target: {fileID: 7490980170168813266, guid: 570d6cf34a61d4e419934fbe95f88ee3,
        type: 3}
      propertyPath: m_LocalScale.x
      value: 6.2999997
      objectReference: {fileID: 0}
    - target: {fileID: 7490980170168813266, guid: 570d6cf34a61d4e419934fbe95f88ee3,
        type: 3}
      propertyPath: m_LocalScale.y
      value: 6.2999997
      objectReference: {fileID: 0}
    - target: {fileID: 7490980170168813266, guid: 570d6cf34a61d4e419934fbe95f88ee3,
        type: 3}
      propertyPath: m_LocalScale.z
      value: 6.3
      objectReference: {fileID: 0}
    - target: {fileID: 5301511997717512221, guid: 570d6cf34a61d4e419934fbe95f88ee3,
        type: 3}
      propertyPath: m_Enabled
      value: 0
      objectReference: {fileID: 0}
    m_RemovedComponents: []
  m_SourcePrefab: {fileID: 100100000, guid: 570d6cf34a61d4e419934fbe95f88ee3, type: 3}
--- !u!4 &2188742810607123475 stripped
Transform:
  m_CorrespondingSourceObject: {fileID: 7490980170168813266, guid: 570d6cf34a61d4e419934fbe95f88ee3,
    type: 3}
  m_PrefabInstance: {fileID: 8767021092897635009}
  m_PrefabAsset: {fileID: 0}
