%YAML 1.1
%TAG !u! tag:unity3d.com,2011:
--- !u!1 &1074265272710593374
GameObject:
  m_ObjectHideFlags: 0
  m_CorrespondingSourceObject: {fileID: 0}
  m_PrefabInstance: {fileID: 0}
  m_PrefabAsset: {fileID: 0}
  serializedVersion: 6
  m_Component:
  - component: {fileID: 5770942337616850155}
  m_Layer: 0
  m_Name: EndTransform
  m_TagString: Untagged
  m_Icon: {fileID: 0}
  m_NavMeshLayer: 0
  m_StaticEditorFlags: 0
  m_IsActive: 1
--- !u!4 &5770942337616850155
Transform:
  m_ObjectHideFlags: 0
  m_CorrespondingSourceObject: {fileID: 0}
  m_PrefabInstance: {fileID: 0}
  m_PrefabAsset: {fileID: 0}
  m_GameObject: {fileID: 1074265272710593374}
  m_LocalRotation: {x: 0, y: 0, z: 0, w: 1}
  m_LocalPosition: {x: 0, y: 0, z: 8.49}
  m_LocalScale: {x: 1, y: 1, z: 1}
  m_Children: []
  m_Father: {fileID: 8767021091402443841}
  m_RootOrder: 7
  m_LocalEulerAnglesHint: {x: 0, y: 0, z: 0}
--- !u!1 &4662946250685275307
GameObject:
  m_ObjectHideFlags: 0
  m_CorrespondingSourceObject: {fileID: 0}
  m_PrefabInstance: {fileID: 0}
  m_PrefabAsset: {fileID: 0}
  serializedVersion: 6
  m_Component:
  - component: {fileID: 2762486885350396706}
  m_Layer: 0
  m_Name: BeginTransform
  m_TagString: Untagged
  m_Icon: {fileID: 0}
  m_NavMeshLayer: 0
  m_StaticEditorFlags: 0
  m_IsActive: 1
--- !u!4 &2762486885350396706
Transform:
  m_ObjectHideFlags: 0
  m_CorrespondingSourceObject: {fileID: 0}
  m_PrefabInstance: {fileID: 0}
  m_PrefabAsset: {fileID: 0}
  m_GameObject: {fileID: 4662946250685275307}
  m_LocalRotation: {x: 0, y: 0, z: 0, w: 1}
  m_LocalPosition: {x: 0, y: 0, z: -8.5}
  m_LocalScale: {x: 1, y: 1, z: 1}
  m_Children: []
  m_Father: {fileID: 8767021091402443841}
  m_RootOrder: 6
  m_LocalEulerAnglesHint: {x: 0, y: 0, z: 0}
--- !u!1 &7493476266478481327
GameObject:
  m_ObjectHideFlags: 0
  m_CorrespondingSourceObject: {fileID: 0}
  m_PrefabInstance: {fileID: 0}
  m_PrefabAsset: {fileID: 0}
  serializedVersion: 6
  m_Component:
  - component: {fileID: 6202225238928382060}
  m_Layer: 0
  m_Name: Cubes
  m_TagString: Untagged
  m_Icon: {fileID: 0}
  m_NavMeshLayer: 0
  m_StaticEditorFlags: 0
  m_IsActive: 1
--- !u!4 &6202225238928382060
Transform:
  m_ObjectHideFlags: 0
  m_CorrespondingSourceObject: {fileID: 0}
  m_PrefabInstance: {fileID: 0}
  m_PrefabAsset: {fileID: 0}
  m_GameObject: {fileID: 7493476266478481327}
  m_LocalRotation: {x: 0, y: 0, z: 0, w: 1}
  m_LocalPosition: {x: 0, y: 0, z: 0}
  m_LocalScale: {x: 1, y: 1, z: 1}
  m_Children: []
  m_Father: {fileID: 8767021091402443841}
  m_RootOrder: 9
  m_LocalEulerAnglesHint: {x: 0, y: 0, z: 0}
--- !u!1 &8767021090987240873
GameObject:
  m_ObjectHideFlags: 0
  m_CorrespondingSourceObject: {fileID: 0}
  m_PrefabInstance: {fileID: 0}
  m_PrefabAsset: {fileID: 0}
  serializedVersion: 6
  m_Component:
  - component: {fileID: 8767021090987240872}
  - component: {fileID: 8767021090987240870}
  - component: {fileID: 8767021090987240871}
  m_Layer: 0
  m_Name: CubeController
  m_TagString: Untagged
  m_Icon: {fileID: 0}
  m_NavMeshLayer: 0
  m_StaticEditorFlags: 0
  m_IsActive: 1
--- !u!4 &8767021090987240872
Transform:
  m_ObjectHideFlags: 0
  m_CorrespondingSourceObject: {fileID: 0}
  m_PrefabInstance: {fileID: 0}
  m_PrefabAsset: {fileID: 0}
  m_GameObject: {fileID: 8767021090987240873}
  m_LocalRotation: {x: 0, y: 0, z: 0, w: 1}
  m_LocalPosition: {x: 0, y: 0, z: 0}
  m_LocalScale: {x: 1, y: 1, z: 1}
  m_Children: []
  m_Father: {fileID: 8767021091402443841}
  m_RootOrder: 1
  m_LocalEulerAnglesHint: {x: 0, y: 0, z: 0}
--- !u!114 &8767021090987240870
MonoBehaviour:
  m_ObjectHideFlags: 0
  m_CorrespondingSourceObject: {fileID: 0}
  m_PrefabInstance: {fileID: 0}
  m_PrefabAsset: {fileID: 0}
  m_GameObject: {fileID: 8767021090987240873}
  m_Enabled: 1
  m_EditorHideFlags: 0
  m_Script: {fileID: 11500000, guid: 756518df91a884c92a302acdb80b184a, type: 3}
  m_Name: 
  m_EditorClassIdentifier: 
--- !u!114 &8767021090987240871
MonoBehaviour:
  m_ObjectHideFlags: 0
  m_CorrespondingSourceObject: {fileID: 0}
  m_PrefabInstance: {fileID: 0}
  m_PrefabAsset: {fileID: 0}
  m_GameObject: {fileID: 8767021090987240873}
  m_Enabled: 1
  m_EditorHideFlags: 0
  m_Script: {fileID: 11500000, guid: c949a741921444b27b08c55cfceceb62, type: 3}
  m_Name: 
  m_EditorClassIdentifier: 
  cubesSpawnInfo:
  - localPosition: {x: 0, y: 0.25, z: -5.35}
    rotation: {x: -0, y: -0, z: -0, w: 1}
    scale: {x: 0.35, y: 0.35, z: 0.35}
    isPlayer: 1
    useGravity: 1
  - localPosition: {x: -3.5400002, y: 1.67, z: 5.160001}
    rotation: {x: -0, y: -0, z: -0, w: 1}
    scale: {x: 0.35, y: 0.35, z: 0.35}
    isPlayer: 0
    useGravity: 1
  - localPosition: {x: -3.5400002, y: 2.02, z: 5.160001}
    rotation: {x: -0, y: -0, z: -0, w: 1}
    scale: {x: 0.35, y: 0.35, z: 0.35}
    isPlayer: 0
    useGravity: 1
  - localPosition: {x: -4.24, y: 1.67, z: 5.160001}
    rotation: {x: -0, y: -0, z: -0, w: 1}
    scale: {x: 0.35, y: 0.35, z: 0.35}
    isPlayer: 0
    useGravity: 1
  - localPosition: {x: -3.89, y: 1.67, z: 5.160001}
    rotation: {x: -0, y: -0, z: -0, w: 1}
    scale: {x: 0.35, y: 0.35, z: 0.35}
    isPlayer: 0
    useGravity: 1
  - localPosition: {x: -4.24, y: 2.02, z: 5.160001}
    rotation: {x: -0, y: -0, z: -0, w: 1}
    scale: {x: 0.35, y: 0.35, z: 0.35}
    isPlayer: 0
    useGravity: 1
  - localPosition: {x: -3.89, y: 2.02, z: 5.160001}
    rotation: {x: -0, y: -0, z: -0, w: 1}
    scale: {x: 0.35, y: 0.35, z: 0.35}
    isPlayer: 0
    useGravity: 1
  - localPosition: {x: -3.5400002, y: 1.67, z: 5.51}
    rotation: {x: -0, y: -0, z: -0, w: 1}
    scale: {x: 0.35, y: 0.35, z: 0.35}
    isPlayer: 0
    useGravity: 1
  - localPosition: {x: -3.5400002, y: 1.67, z: 5.8600006}
    rotation: {x: -0, y: -0, z: -0, w: 1}
    scale: {x: 0.35, y: 0.35, z: 0.35}
    isPlayer: 0
    useGravity: 1
  - localPosition: {x: -3.5400002, y: 2.02, z: 5.51}
    rotation: {x: -0, y: -0, z: -0, w: 1}
    scale: {x: 0.35, y: 0.35, z: 0.35}
    isPlayer: 0
    useGravity: 1
  - localPosition: {x: -3.5400002, y: 2.02, z: 5.8600006}
    rotation: {x: -0, y: -0, z: -0, w: 1}
    scale: {x: 0.35, y: 0.35, z: 0.35}
    isPlayer: 0
    useGravity: 1
  - localPosition: {x: -4.24, y: 1.67, z: 5.51}
    rotation: {x: -0, y: -0, z: -0, w: 1}
    scale: {x: 0.35, y: 0.35, z: 0.35}
    isPlayer: 0
    useGravity: 1
  - localPosition: {x: -4.24, y: 1.67, z: 5.8600006}
    rotation: {x: -0, y: -0, z: -0, w: 1}
    scale: {x: 0.35, y: 0.35, z: 0.35}
    isPlayer: 0
    useGravity: 1
  - localPosition: {x: -3.89, y: 1.67, z: 5.51}
    rotation: {x: -0, y: -0, z: -0, w: 1}
    scale: {x: 0.35, y: 0.35, z: 0.35}
    isPlayer: 0
    useGravity: 1
  - localPosition: {x: -3.89, y: 1.67, z: 5.8600006}
    rotation: {x: -0, y: -0, z: -0, w: 1}
    scale: {x: 0.35, y: 0.35, z: 0.35}
    isPlayer: 0
    useGravity: 1
  - localPosition: {x: -4.24, y: 2.02, z: 5.51}
    rotation: {x: -0, y: -0, z: -0, w: 1}
    scale: {x: 0.35, y: 0.35, z: 0.35}
    isPlayer: 0
    useGravity: 1
  - localPosition: {x: -4.24, y: 2.02, z: 5.8600006}
    rotation: {x: -0, y: -0, z: -0, w: 1}
    scale: {x: 0.35, y: 0.35, z: 0.35}
    isPlayer: 0
    useGravity: 1
  - localPosition: {x: -3.89, y: 2.02, z: 5.51}
    rotation: {x: -0, y: -0, z: -0, w: 1}
    scale: {x: 0.35, y: 0.35, z: 0.35}
    isPlayer: 0
    useGravity: 1
  - localPosition: {x: -3.89, y: 2.02, z: 5.8600006}
    rotation: {x: -0, y: -0, z: -0, w: 1}
    scale: {x: 0.35, y: 0.35, z: 0.35}
    isPlayer: 0
    useGravity: 1
  - localPosition: {x: -3.5400002, y: 2.37, z: 5.160001}
    rotation: {x: -0, y: -0, z: -0, w: 1}
    scale: {x: 0.35, y: 0.35, z: 0.35}
    isPlayer: 0
    useGravity: 1
  - localPosition: {x: -4.24, y: 2.37, z: 5.160001}
    rotation: {x: -0, y: -0, z: -0, w: 1}
    scale: {x: 0.35, y: 0.35, z: 0.35}
    isPlayer: 0
    useGravity: 1
  - localPosition: {x: -3.89, y: 2.37, z: 5.160001}
    rotation: {x: -0, y: -0, z: -0, w: 1}
    scale: {x: 0.35, y: 0.35, z: 0.35}
    isPlayer: 0
    useGravity: 1
  - localPosition: {x: -3.5400002, y: 2.37, z: 5.51}
    rotation: {x: -0, y: -0, z: -0, w: 1}
    scale: {x: 0.35, y: 0.35, z: 0.35}
    isPlayer: 0
    useGravity: 1
  - localPosition: {x: -3.5400002, y: 2.37, z: 5.8600006}
    rotation: {x: -0, y: -0, z: -0, w: 1}
    scale: {x: 0.35, y: 0.35, z: 0.35}
    isPlayer: 0
    useGravity: 1
  - localPosition: {x: -4.24, y: 2.37, z: 5.51}
    rotation: {x: -0, y: -0, z: -0, w: 1}
    scale: {x: 0.35, y: 0.35, z: 0.35}
    isPlayer: 0
    useGravity: 1
  - localPosition: {x: -4.24, y: 2.37, z: 5.8600006}
    rotation: {x: -0, y: -0, z: -0, w: 1}
    scale: {x: 0.35, y: 0.35, z: 0.35}
    isPlayer: 0
    useGravity: 1
  - localPosition: {x: -3.89, y: 2.37, z: 5.51}
    rotation: {x: -0, y: -0, z: -0, w: 1}
    scale: {x: 0.35, y: 0.35, z: 0.35}
    isPlayer: 0
    useGravity: 1
  - localPosition: {x: -3.89, y: 2.37, z: 5.8600006}
    rotation: {x: -0, y: -0, z: -0, w: 1}
    scale: {x: 0.35, y: 0.35, z: 0.35}
    isPlayer: 0
    useGravity: 1
  - localPosition: {x: -1.79, y: 1.67, z: 5.160001}
    rotation: {x: -0, y: -0, z: -0, w: 1}
    scale: {x: 0.35, y: 0.35, z: 0.35}
    isPlayer: 0
    useGravity: 1
  - localPosition: {x: -1.79, y: 2.02, z: 5.160001}
    rotation: {x: -0, y: -0, z: -0, w: 1}
    scale: {x: 0.35, y: 0.35, z: 0.35}
    isPlayer: 0
    useGravity: 1
  - localPosition: {x: -2.4899995, y: 1.67, z: 5.160001}
    rotation: {x: -0, y: -0, z: -0, w: 1}
    scale: {x: 0.35, y: 0.35, z: 0.35}
    isPlayer: 0
    useGravity: 1
  - localPosition: {x: -2.1399999, y: 1.67, z: 5.160001}
    rotation: {x: -0, y: -0, z: -0, w: 1}
    scale: {x: 0.35, y: 0.35, z: 0.35}
    isPlayer: 0
    useGravity: 1
  - localPosition: {x: -2.4899995, y: 2.02, z: 5.160001}
    rotation: {x: -0, y: -0, z: -0, w: 1}
    scale: {x: 0.35, y: 0.35, z: 0.35}
    isPlayer: 0
    useGravity: 1
  - localPosition: {x: -2.1399999, y: 2.02, z: 5.160001}
    rotation: {x: -0, y: -0, z: -0, w: 1}
    scale: {x: 0.35, y: 0.35, z: 0.35}
    isPlayer: 0
    useGravity: 1
  - localPosition: {x: -1.79, y: 1.67, z: 5.51}
    rotation: {x: -0, y: -0, z: -0, w: 1}
    scale: {x: 0.35, y: 0.35, z: 0.35}
    isPlayer: 0
    useGravity: 1
  - localPosition: {x: -1.79, y: 1.67, z: 5.8600006}
    rotation: {x: -0, y: -0, z: -0, w: 1}
    scale: {x: 0.35, y: 0.35, z: 0.35}
    isPlayer: 0
    useGravity: 1
  - localPosition: {x: -1.79, y: 2.02, z: 5.51}
    rotation: {x: -0, y: -0, z: -0, w: 1}
    scale: {x: 0.35, y: 0.35, z: 0.35}
    isPlayer: 0
    useGravity: 1
  - localPosition: {x: -1.79, y: 2.02, z: 5.8600006}
    rotation: {x: -0, y: -0, z: -0, w: 1}
    scale: {x: 0.35, y: 0.35, z: 0.35}
    isPlayer: 0
    useGravity: 1
  - localPosition: {x: -2.4899995, y: 1.67, z: 5.51}
    rotation: {x: -0, y: -0, z: -0, w: 1}
    scale: {x: 0.35, y: 0.35, z: 0.35}
    isPlayer: 0
    useGravity: 1
  - localPosition: {x: -2.4899995, y: 1.67, z: 5.8600006}
    rotation: {x: -0, y: -0, z: -0, w: 1}
    scale: {x: 0.35, y: 0.35, z: 0.35}
    isPlayer: 0
    useGravity: 1
  - localPosition: {x: -2.1399999, y: 1.67, z: 5.51}
    rotation: {x: -0, y: -0, z: -0, w: 1}
    scale: {x: 0.35, y: 0.35, z: 0.35}
    isPlayer: 0
    useGravity: 1
  - localPosition: {x: -2.1399999, y: 1.67, z: 5.8600006}
    rotation: {x: -0, y: -0, z: -0, w: 1}
    scale: {x: 0.35, y: 0.35, z: 0.35}
    isPlayer: 0
    useGravity: 1
  - localPosition: {x: -2.4899995, y: 2.02, z: 5.51}
    rotation: {x: -0, y: -0, z: -0, w: 1}
    scale: {x: 0.35, y: 0.35, z: 0.35}
    isPlayer: 0
    useGravity: 1
  - localPosition: {x: -2.4899995, y: 2.02, z: 5.8600006}
    rotation: {x: -0, y: -0, z: -0, w: 1}
    scale: {x: 0.35, y: 0.35, z: 0.35}
    isPlayer: 0
    useGravity: 1
  - localPosition: {x: -2.1399999, y: 2.02, z: 5.51}
    rotation: {x: -0, y: -0, z: -0, w: 1}
    scale: {x: 0.35, y: 0.35, z: 0.35}
    isPlayer: 0
    useGravity: 1
  - localPosition: {x: -2.1399999, y: 2.02, z: 5.8600006}
    rotation: {x: -0, y: -0, z: -0, w: 1}
    scale: {x: 0.35, y: 0.35, z: 0.35}
    isPlayer: 0
    useGravity: 1
  - localPosition: {x: -1.79, y: 2.37, z: 5.160001}
    rotation: {x: -0, y: -0, z: -0, w: 1}
    scale: {x: 0.35, y: 0.35, z: 0.35}
    isPlayer: 0
    useGravity: 1
  - localPosition: {x: -2.4899995, y: 2.37, z: 5.160001}
    rotation: {x: -0, y: -0, z: -0, w: 1}
    scale: {x: 0.35, y: 0.35, z: 0.35}
    isPlayer: 0
    useGravity: 1
  - localPosition: {x: -2.1399999, y: 2.37, z: 5.160001}
    rotation: {x: -0, y: -0, z: -0, w: 1}
    scale: {x: 0.35, y: 0.35, z: 0.35}
    isPlayer: 0
    useGravity: 1
  - localPosition: {x: -1.79, y: 2.37, z: 5.51}
    rotation: {x: -0, y: -0, z: -0, w: 1}
    scale: {x: 0.35, y: 0.35, z: 0.35}
    isPlayer: 0
    useGravity: 1
  - localPosition: {x: -1.79, y: 2.37, z: 5.8600006}
    rotation: {x: -0, y: -0, z: -0, w: 1}
    scale: {x: 0.35, y: 0.35, z: 0.35}
    isPlayer: 0
    useGravity: 1
  - localPosition: {x: -2.4899995, y: 2.37, z: 5.51}
    rotation: {x: -0, y: -0, z: -0, w: 1}
    scale: {x: 0.35, y: 0.35, z: 0.35}
    isPlayer: 0
    useGravity: 1
  - localPosition: {x: -2.4899995, y: 2.37, z: 5.8600006}
    rotation: {x: -0, y: -0, z: -0, w: 1}
    scale: {x: 0.35, y: 0.35, z: 0.35}
    isPlayer: 0
    useGravity: 1
  - localPosition: {x: -2.1399999, y: 2.37, z: 5.51}
    rotation: {x: -0, y: -0, z: -0, w: 1}
    scale: {x: 0.35, y: 0.35, z: 0.35}
    isPlayer: 0
    useGravity: 1
  - localPosition: {x: -2.1399999, y: 2.37, z: 5.8600006}
    rotation: {x: -0, y: -0, z: -0, w: 1}
    scale: {x: 0.35, y: 0.35, z: 0.35}
    isPlayer: 0
    useGravity: 1
  - localPosition: {x: -1.79, y: 1.67, z: 3.41}
    rotation: {x: -0, y: -0, z: -0, w: 1}
    scale: {x: 0.35, y: 0.35, z: 0.35}
    isPlayer: 0
    useGravity: 1
  - localPosition: {x: -1.79, y: 2.02, z: 3.41}
    rotation: {x: -0, y: -0, z: -0, w: 1}
    scale: {x: 0.35, y: 0.35, z: 0.35}
    isPlayer: 0
    useGravity: 1
  - localPosition: {x: -2.4899995, y: 1.67, z: 3.41}
    rotation: {x: -0, y: -0, z: -0, w: 1}
    scale: {x: 0.35, y: 0.35, z: 0.35}
    isPlayer: 0
    useGravity: 1
  - localPosition: {x: -2.1399999, y: 1.67, z: 3.41}
    rotation: {x: -0, y: -0, z: -0, w: 1}
    scale: {x: 0.35, y: 0.35, z: 0.35}
    isPlayer: 0
    useGravity: 1
  - localPosition: {x: -2.4899995, y: 2.02, z: 3.41}
    rotation: {x: -0, y: -0, z: -0, w: 1}
    scale: {x: 0.35, y: 0.35, z: 0.35}
    isPlayer: 0
    useGravity: 1
  - localPosition: {x: -2.1399999, y: 2.02, z: 3.41}
    rotation: {x: -0, y: -0, z: -0, w: 1}
    scale: {x: 0.35, y: 0.35, z: 0.35}
    isPlayer: 0
    useGravity: 1
  - localPosition: {x: -1.79, y: 1.67, z: 3.7599995}
    rotation: {x: -0, y: -0, z: -0, w: 1}
    scale: {x: 0.35, y: 0.35, z: 0.35}
    isPlayer: 0
    useGravity: 1
  - localPosition: {x: -1.79, y: 1.67, z: 4.1099997}
    rotation: {x: -0, y: -0, z: -0, w: 1}
    scale: {x: 0.35, y: 0.35, z: 0.35}
    isPlayer: 0
    useGravity: 1
  - localPosition: {x: -1.79, y: 2.02, z: 3.7599995}
    rotation: {x: -0, y: -0, z: -0, w: 1}
    scale: {x: 0.35, y: 0.35, z: 0.35}
    isPlayer: 0
    useGravity: 1
  - localPosition: {x: -1.79, y: 2.02, z: 4.1099997}
    rotation: {x: -0, y: -0, z: -0, w: 1}
    scale: {x: 0.35, y: 0.35, z: 0.35}
    isPlayer: 0
    useGravity: 1
  - localPosition: {x: -2.4899995, y: 1.67, z: 3.7599995}
    rotation: {x: -0, y: -0, z: -0, w: 1}
    scale: {x: 0.35, y: 0.35, z: 0.35}
    isPlayer: 0
    useGravity: 1
  - localPosition: {x: -2.4899995, y: 1.67, z: 4.1099997}
    rotation: {x: -0, y: -0, z: -0, w: 1}
    scale: {x: 0.35, y: 0.35, z: 0.35}
    isPlayer: 0
    useGravity: 1
  - localPosition: {x: -2.1399999, y: 1.67, z: 3.7599995}
    rotation: {x: -0, y: -0, z: -0, w: 1}
    scale: {x: 0.35, y: 0.35, z: 0.35}
    isPlayer: 0
    useGravity: 1
  - localPosition: {x: -2.1399999, y: 1.67, z: 4.1099997}
    rotation: {x: -0, y: -0, z: -0, w: 1}
    scale: {x: 0.35, y: 0.35, z: 0.35}
    isPlayer: 0
    useGravity: 1
  - localPosition: {x: -2.4899995, y: 2.02, z: 3.7599995}
    rotation: {x: -0, y: -0, z: -0, w: 1}
    scale: {x: 0.35, y: 0.35, z: 0.35}
    isPlayer: 0
    useGravity: 1
  - localPosition: {x: -2.4899995, y: 2.02, z: 4.1099997}
    rotation: {x: -0, y: -0, z: -0, w: 1}
    scale: {x: 0.35, y: 0.35, z: 0.35}
    isPlayer: 0
    useGravity: 1
  - localPosition: {x: -2.1399999, y: 2.02, z: 3.7599995}
    rotation: {x: -0, y: -0, z: -0, w: 1}
    scale: {x: 0.35, y: 0.35, z: 0.35}
    isPlayer: 0
    useGravity: 1
  - localPosition: {x: -2.1399999, y: 2.02, z: 4.1099997}
    rotation: {x: -0, y: -0, z: -0, w: 1}
    scale: {x: 0.35, y: 0.35, z: 0.35}
    isPlayer: 0
    useGravity: 1
  - localPosition: {x: -1.79, y: 2.37, z: 3.41}
    rotation: {x: -0, y: -0, z: -0, w: 1}
    scale: {x: 0.35, y: 0.35, z: 0.35}
    isPlayer: 0
    useGravity: 1
  - localPosition: {x: -2.4899995, y: 2.37, z: 3.41}
    rotation: {x: -0, y: -0, z: -0, w: 1}
    scale: {x: 0.35, y: 0.35, z: 0.35}
    isPlayer: 0
    useGravity: 1
  - localPosition: {x: -2.1399999, y: 2.37, z: 3.41}
    rotation: {x: -0, y: -0, z: -0, w: 1}
    scale: {x: 0.35, y: 0.35, z: 0.35}
    isPlayer: 0
    useGravity: 1
  - localPosition: {x: -1.79, y: 2.37, z: 3.7599995}
    rotation: {x: -0, y: -0, z: -0, w: 1}
    scale: {x: 0.35, y: 0.35, z: 0.35}
    isPlayer: 0
    useGravity: 1
  - localPosition: {x: -1.79, y: 2.37, z: 4.1099997}
    rotation: {x: -0, y: -0, z: -0, w: 1}
    scale: {x: 0.35, y: 0.35, z: 0.35}
    isPlayer: 0
    useGravity: 1
  - localPosition: {x: -2.4899995, y: 2.37, z: 3.7599995}
    rotation: {x: -0, y: -0, z: -0, w: 1}
    scale: {x: 0.35, y: 0.35, z: 0.35}
    isPlayer: 0
    useGravity: 1
  - localPosition: {x: -2.4899995, y: 2.37, z: 4.1099997}
    rotation: {x: -0, y: -0, z: -0, w: 1}
    scale: {x: 0.35, y: 0.35, z: 0.35}
    isPlayer: 0
    useGravity: 1
  - localPosition: {x: -2.1399999, y: 2.37, z: 3.7599995}
    rotation: {x: -0, y: -0, z: -0, w: 1}
    scale: {x: 0.35, y: 0.35, z: 0.35}
    isPlayer: 0
    useGravity: 1
  - localPosition: {x: -2.1399999, y: 2.37, z: 4.1099997}
    rotation: {x: -0, y: -0, z: -0, w: 1}
    scale: {x: 0.35, y: 0.35, z: 0.35}
    isPlayer: 0
    useGravity: 1
  - localPosition: {x: -3.5400002, y: 1.67, z: 3.41}
    rotation: {x: -0, y: -0, z: -0, w: 1}
    scale: {x: 0.35, y: 0.35, z: 0.35}
    isPlayer: 0
    useGravity: 1
  - localPosition: {x: -3.5400002, y: 2.02, z: 3.41}
    rotation: {x: -0, y: -0, z: -0, w: 1}
    scale: {x: 0.35, y: 0.35, z: 0.35}
    isPlayer: 0
    useGravity: 1
  - localPosition: {x: -4.24, y: 1.67, z: 3.41}
    rotation: {x: -0, y: -0, z: -0, w: 1}
    scale: {x: 0.35, y: 0.35, z: 0.35}
    isPlayer: 0
    useGravity: 1
  - localPosition: {x: -3.89, y: 1.67, z: 3.41}
    rotation: {x: -0, y: -0, z: -0, w: 1}
    scale: {x: 0.35, y: 0.35, z: 0.35}
    isPlayer: 0
    useGravity: 1
  - localPosition: {x: -4.24, y: 2.02, z: 3.41}
    rotation: {x: -0, y: -0, z: -0, w: 1}
    scale: {x: 0.35, y: 0.35, z: 0.35}
    isPlayer: 0
    useGravity: 1
  - localPosition: {x: -3.89, y: 2.02, z: 3.41}
    rotation: {x: -0, y: -0, z: -0, w: 1}
    scale: {x: 0.35, y: 0.35, z: 0.35}
    isPlayer: 0
    useGravity: 1
  - localPosition: {x: -3.5400002, y: 1.67, z: 3.7599995}
    rotation: {x: -0, y: -0, z: -0, w: 1}
    scale: {x: 0.35, y: 0.35, z: 0.35}
    isPlayer: 0
    useGravity: 1
  - localPosition: {x: -3.5400002, y: 1.67, z: 4.1099997}
    rotation: {x: -0, y: -0, z: -0, w: 1}
    scale: {x: 0.35, y: 0.35, z: 0.35}
    isPlayer: 0
    useGravity: 1
  - localPosition: {x: -3.5400002, y: 2.02, z: 3.7599995}
    rotation: {x: -0, y: -0, z: -0, w: 1}
    scale: {x: 0.35, y: 0.35, z: 0.35}
    isPlayer: 0
    useGravity: 1
  - localPosition: {x: -3.5400002, y: 2.02, z: 4.1099997}
    rotation: {x: -0, y: -0, z: -0, w: 1}
    scale: {x: 0.35, y: 0.35, z: 0.35}
    isPlayer: 0
    useGravity: 1
  - localPosition: {x: -4.24, y: 1.67, z: 3.7599995}
    rotation: {x: -0, y: -0, z: -0, w: 1}
    scale: {x: 0.35, y: 0.35, z: 0.35}
    isPlayer: 0
    useGravity: 1
  - localPosition: {x: -4.24, y: 1.67, z: 4.1099997}
    rotation: {x: -0, y: -0, z: -0, w: 1}
    scale: {x: 0.35, y: 0.35, z: 0.35}
    isPlayer: 0
    useGravity: 1
  - localPosition: {x: -3.89, y: 1.67, z: 3.7599995}
    rotation: {x: -0, y: -0, z: -0, w: 1}
    scale: {x: 0.35, y: 0.35, z: 0.35}
    isPlayer: 0
    useGravity: 1
  - localPosition: {x: -3.89, y: 1.67, z: 4.1099997}
    rotation: {x: -0, y: -0, z: -0, w: 1}
    scale: {x: 0.35, y: 0.35, z: 0.35}
    isPlayer: 0
    useGravity: 1
  - localPosition: {x: -4.24, y: 2.02, z: 3.7599995}
    rotation: {x: -0, y: -0, z: -0, w: 1}
    scale: {x: 0.35, y: 0.35, z: 0.35}
    isPlayer: 0
    useGravity: 1
  - localPosition: {x: -4.24, y: 2.02, z: 4.1099997}
    rotation: {x: -0, y: -0, z: -0, w: 1}
    scale: {x: 0.35, y: 0.35, z: 0.35}
    isPlayer: 0
    useGravity: 1
  - localPosition: {x: -3.89, y: 2.02, z: 3.7599995}
    rotation: {x: -0, y: -0, z: -0, w: 1}
    scale: {x: 0.35, y: 0.35, z: 0.35}
    isPlayer: 0
    useGravity: 1
  - localPosition: {x: -3.89, y: 2.02, z: 4.1099997}
    rotation: {x: -0, y: -0, z: -0, w: 1}
    scale: {x: 0.35, y: 0.35, z: 0.35}
    isPlayer: 0
    useGravity: 1
  - localPosition: {x: -3.5400002, y: 2.37, z: 3.41}
    rotation: {x: -0, y: -0, z: -0, w: 1}
    scale: {x: 0.35, y: 0.35, z: 0.35}
    isPlayer: 0
    useGravity: 1
  - localPosition: {x: -4.24, y: 2.37, z: 3.41}
    rotation: {x: -0, y: -0, z: -0, w: 1}
    scale: {x: 0.35, y: 0.35, z: 0.35}
    isPlayer: 0
    useGravity: 1
  - localPosition: {x: -3.89, y: 2.37, z: 3.41}
    rotation: {x: -0, y: -0, z: -0, w: 1}
    scale: {x: 0.35, y: 0.35, z: 0.35}
    isPlayer: 0
    useGravity: 1
  - localPosition: {x: -3.5400002, y: 2.37, z: 3.7599995}
    rotation: {x: -0, y: -0, z: -0, w: 1}
    scale: {x: 0.35, y: 0.35, z: 0.35}
    isPlayer: 0
    useGravity: 1
  - localPosition: {x: -3.5400002, y: 2.37, z: 4.1099997}
    rotation: {x: -0, y: -0, z: -0, w: 1}
    scale: {x: 0.35, y: 0.35, z: 0.35}
    isPlayer: 0
    useGravity: 1
  - localPosition: {x: -4.24, y: 2.37, z: 3.7599995}
    rotation: {x: -0, y: -0, z: -0, w: 1}
    scale: {x: 0.35, y: 0.35, z: 0.35}
    isPlayer: 0
    useGravity: 1
  - localPosition: {x: -4.24, y: 2.37, z: 4.1099997}
    rotation: {x: -0, y: -0, z: -0, w: 1}
    scale: {x: 0.35, y: 0.35, z: 0.35}
    isPlayer: 0
    useGravity: 1
  - localPosition: {x: -3.89, y: 2.37, z: 3.7599995}
    rotation: {x: -0, y: -0, z: -0, w: 1}
    scale: {x: 0.35, y: 0.35, z: 0.35}
    isPlayer: 0
    useGravity: 1
  - localPosition: {x: -3.89, y: 2.37, z: 4.1099997}
    rotation: {x: -0, y: -0, z: -0, w: 1}
    scale: {x: 0.35, y: 0.35, z: 0.35}
    isPlayer: 0
    useGravity: 1
  - localPosition: {x: 2.76, y: 1.67, z: 5.160001}
    rotation: {x: -0, y: -0, z: -0, w: 1}
    scale: {x: 0.35, y: 0.35, z: 0.35}
    isPlayer: 0
    useGravity: 1
  - localPosition: {x: 2.76, y: 2.02, z: 5.160001}
    rotation: {x: -0, y: -0, z: -0, w: 1}
    scale: {x: 0.35, y: 0.35, z: 0.35}
    isPlayer: 0
    useGravity: 1
  - localPosition: {x: 2.0600004, y: 1.67, z: 5.160001}
    rotation: {x: -0, y: -0, z: -0, w: 1}
    scale: {x: 0.35, y: 0.35, z: 0.35}
    isPlayer: 0
    useGravity: 1
  - localPosition: {x: 2.41, y: 1.67, z: 5.160001}
    rotation: {x: -0, y: -0, z: -0, w: 1}
    scale: {x: 0.35, y: 0.35, z: 0.35}
    isPlayer: 0
    useGravity: 1
  - localPosition: {x: 2.0600004, y: 2.02, z: 5.160001}
    rotation: {x: -0, y: -0, z: -0, w: 1}
    scale: {x: 0.35, y: 0.35, z: 0.35}
    isPlayer: 0
    useGravity: 1
  - localPosition: {x: 2.41, y: 2.02, z: 5.160001}
    rotation: {x: -0, y: -0, z: -0, w: 1}
    scale: {x: 0.35, y: 0.35, z: 0.35}
    isPlayer: 0
    useGravity: 1
  - localPosition: {x: 2.76, y: 1.67, z: 5.51}
    rotation: {x: -0, y: -0, z: -0, w: 1}
    scale: {x: 0.35, y: 0.35, z: 0.35}
    isPlayer: 0
    useGravity: 1
  - localPosition: {x: 2.76, y: 1.67, z: 5.8600006}
    rotation: {x: -0, y: -0, z: -0, w: 1}
    scale: {x: 0.35, y: 0.35, z: 0.35}
    isPlayer: 0
    useGravity: 1
  - localPosition: {x: 2.76, y: 2.02, z: 5.51}
    rotation: {x: -0, y: -0, z: -0, w: 1}
    scale: {x: 0.35, y: 0.35, z: 0.35}
    isPlayer: 0
    useGravity: 1
  - localPosition: {x: 2.76, y: 2.02, z: 5.8600006}
    rotation: {x: -0, y: -0, z: -0, w: 1}
    scale: {x: 0.35, y: 0.35, z: 0.35}
    isPlayer: 0
    useGravity: 1
  - localPosition: {x: 2.0600004, y: 1.67, z: 5.51}
    rotation: {x: -0, y: -0, z: -0, w: 1}
    scale: {x: 0.35, y: 0.35, z: 0.35}
    isPlayer: 0
    useGravity: 1
  - localPosition: {x: 2.0600004, y: 1.67, z: 5.8600006}
    rotation: {x: -0, y: -0, z: -0, w: 1}
    scale: {x: 0.35, y: 0.35, z: 0.35}
    isPlayer: 0
    useGravity: 1
  - localPosition: {x: 2.41, y: 1.67, z: 5.51}
    rotation: {x: -0, y: -0, z: -0, w: 1}
    scale: {x: 0.35, y: 0.35, z: 0.35}
    isPlayer: 0
    useGravity: 1
  - localPosition: {x: 2.41, y: 1.67, z: 5.8600006}
    rotation: {x: -0, y: -0, z: -0, w: 1}
    scale: {x: 0.35, y: 0.35, z: 0.35}
    isPlayer: 0
    useGravity: 1
  - localPosition: {x: 2.0600004, y: 2.02, z: 5.51}
    rotation: {x: -0, y: -0, z: -0, w: 1}
    scale: {x: 0.35, y: 0.35, z: 0.35}
    isPlayer: 0
    useGravity: 1
  - localPosition: {x: 2.0600004, y: 2.02, z: 5.8600006}
    rotation: {x: -0, y: -0, z: -0, w: 1}
    scale: {x: 0.35, y: 0.35, z: 0.35}
    isPlayer: 0
    useGravity: 1
  - localPosition: {x: 2.41, y: 2.02, z: 5.51}
    rotation: {x: -0, y: -0, z: -0, w: 1}
    scale: {x: 0.35, y: 0.35, z: 0.35}
    isPlayer: 0
    useGravity: 1
  - localPosition: {x: 2.41, y: 2.02, z: 5.8600006}
    rotation: {x: -0, y: -0, z: -0, w: 1}
    scale: {x: 0.35, y: 0.35, z: 0.35}
    isPlayer: 0
    useGravity: 1
  - localPosition: {x: 2.76, y: 2.37, z: 5.160001}
    rotation: {x: -0, y: -0, z: -0, w: 1}
    scale: {x: 0.35, y: 0.35, z: 0.35}
    isPlayer: 0
    useGravity: 1
  - localPosition: {x: 2.0600004, y: 2.37, z: 5.160001}
    rotation: {x: -0, y: -0, z: -0, w: 1}
    scale: {x: 0.35, y: 0.35, z: 0.35}
    isPlayer: 0
    useGravity: 1
  - localPosition: {x: 2.41, y: 2.37, z: 5.160001}
    rotation: {x: -0, y: -0, z: -0, w: 1}
    scale: {x: 0.35, y: 0.35, z: 0.35}
    isPlayer: 0
    useGravity: 1
  - localPosition: {x: 2.76, y: 2.37, z: 5.51}
    rotation: {x: -0, y: -0, z: -0, w: 1}
    scale: {x: 0.35, y: 0.35, z: 0.35}
    isPlayer: 0
    useGravity: 1
  - localPosition: {x: 2.76, y: 2.37, z: 5.8600006}
    rotation: {x: -0, y: -0, z: -0, w: 1}
    scale: {x: 0.35, y: 0.35, z: 0.35}
    isPlayer: 0
    useGravity: 1
  - localPosition: {x: 2.0600004, y: 2.37, z: 5.51}
    rotation: {x: -0, y: -0, z: -0, w: 1}
    scale: {x: 0.35, y: 0.35, z: 0.35}
    isPlayer: 0
    useGravity: 1
  - localPosition: {x: 2.0600004, y: 2.37, z: 5.8600006}
    rotation: {x: -0, y: -0, z: -0, w: 1}
    scale: {x: 0.35, y: 0.35, z: 0.35}
    isPlayer: 0
    useGravity: 1
  - localPosition: {x: 2.41, y: 2.37, z: 5.51}
    rotation: {x: -0, y: -0, z: -0, w: 1}
    scale: {x: 0.35, y: 0.35, z: 0.35}
    isPlayer: 0
    useGravity: 1
  - localPosition: {x: 2.41, y: 2.37, z: 5.8600006}
    rotation: {x: -0, y: -0, z: -0, w: 1}
    scale: {x: 0.35, y: 0.35, z: 0.35}
    isPlayer: 0
    useGravity: 1
  - localPosition: {x: 4.51, y: 1.67, z: 5.160001}
    rotation: {x: -0, y: -0, z: -0, w: 1}
    scale: {x: 0.35, y: 0.35, z: 0.35}
    isPlayer: 0
    useGravity: 1
  - localPosition: {x: 4.51, y: 2.02, z: 5.160001}
    rotation: {x: -0, y: -0, z: -0, w: 1}
    scale: {x: 0.35, y: 0.35, z: 0.35}
    isPlayer: 0
    useGravity: 1
  - localPosition: {x: 3.8100007, y: 1.67, z: 5.160001}
    rotation: {x: -0, y: -0, z: -0, w: 1}
    scale: {x: 0.35, y: 0.35, z: 0.35}
    isPlayer: 0
    useGravity: 1
  - localPosition: {x: 4.1600003, y: 1.67, z: 5.160001}
    rotation: {x: -0, y: -0, z: -0, w: 1}
    scale: {x: 0.35, y: 0.35, z: 0.35}
    isPlayer: 0
    useGravity: 1
  - localPosition: {x: 3.8100007, y: 2.02, z: 5.160001}
    rotation: {x: -0, y: -0, z: -0, w: 1}
    scale: {x: 0.35, y: 0.35, z: 0.35}
    isPlayer: 0
    useGravity: 1
  - localPosition: {x: 4.1600003, y: 2.02, z: 5.160001}
    rotation: {x: -0, y: -0, z: -0, w: 1}
    scale: {x: 0.35, y: 0.35, z: 0.35}
    isPlayer: 0
    useGravity: 1
  - localPosition: {x: 4.51, y: 1.67, z: 5.51}
    rotation: {x: -0, y: -0, z: -0, w: 1}
    scale: {x: 0.35, y: 0.35, z: 0.35}
    isPlayer: 0
    useGravity: 1
  - localPosition: {x: 4.51, y: 1.67, z: 5.8600006}
    rotation: {x: -0, y: -0, z: -0, w: 1}
    scale: {x: 0.35, y: 0.35, z: 0.35}
    isPlayer: 0
    useGravity: 1
  - localPosition: {x: 4.51, y: 2.02, z: 5.51}
    rotation: {x: -0, y: -0, z: -0, w: 1}
    scale: {x: 0.35, y: 0.35, z: 0.35}
    isPlayer: 0
    useGravity: 1
  - localPosition: {x: 4.51, y: 2.02, z: 5.8600006}
    rotation: {x: -0, y: -0, z: -0, w: 1}
    scale: {x: 0.35, y: 0.35, z: 0.35}
    isPlayer: 0
    useGravity: 1
  - localPosition: {x: 3.8100007, y: 1.67, z: 5.51}
    rotation: {x: -0, y: -0, z: -0, w: 1}
    scale: {x: 0.35, y: 0.35, z: 0.35}
    isPlayer: 0
    useGravity: 1
  - localPosition: {x: 3.8100007, y: 1.67, z: 5.8600006}
    rotation: {x: -0, y: -0, z: -0, w: 1}
    scale: {x: 0.35, y: 0.35, z: 0.35}
    isPlayer: 0
    useGravity: 1
  - localPosition: {x: 4.1600003, y: 1.67, z: 5.51}
    rotation: {x: -0, y: -0, z: -0, w: 1}
    scale: {x: 0.35, y: 0.35, z: 0.35}
    isPlayer: 0
    useGravity: 1
  - localPosition: {x: 4.1600003, y: 1.67, z: 5.8600006}
    rotation: {x: -0, y: -0, z: -0, w: 1}
    scale: {x: 0.35, y: 0.35, z: 0.35}
    isPlayer: 0
    useGravity: 1
  - localPosition: {x: 3.8100007, y: 2.02, z: 5.51}
    rotation: {x: -0, y: -0, z: -0, w: 1}
    scale: {x: 0.35, y: 0.35, z: 0.35}
    isPlayer: 0
    useGravity: 1
  - localPosition: {x: 3.8100007, y: 2.02, z: 5.8600006}
    rotation: {x: -0, y: -0, z: -0, w: 1}
    scale: {x: 0.35, y: 0.35, z: 0.35}
    isPlayer: 0
    useGravity: 1
  - localPosition: {x: 4.1600003, y: 2.02, z: 5.51}
    rotation: {x: -0, y: -0, z: -0, w: 1}
    scale: {x: 0.35, y: 0.35, z: 0.35}
    isPlayer: 0
    useGravity: 1
  - localPosition: {x: 4.1600003, y: 2.02, z: 5.8600006}
    rotation: {x: -0, y: -0, z: -0, w: 1}
    scale: {x: 0.35, y: 0.35, z: 0.35}
    isPlayer: 0
    useGravity: 1
  - localPosition: {x: 4.51, y: 2.37, z: 5.160001}
    rotation: {x: -0, y: -0, z: -0, w: 1}
    scale: {x: 0.35, y: 0.35, z: 0.35}
    isPlayer: 0
    useGravity: 1
  - localPosition: {x: 3.8100007, y: 2.37, z: 5.160001}
    rotation: {x: -0, y: -0, z: -0, w: 1}
    scale: {x: 0.35, y: 0.35, z: 0.35}
    isPlayer: 0
    useGravity: 1
  - localPosition: {x: 4.1600003, y: 2.37, z: 5.160001}
    rotation: {x: -0, y: -0, z: -0, w: 1}
    scale: {x: 0.35, y: 0.35, z: 0.35}
    isPlayer: 0
    useGravity: 1
  - localPosition: {x: 4.51, y: 2.37, z: 5.51}
    rotation: {x: -0, y: -0, z: -0, w: 1}
    scale: {x: 0.35, y: 0.35, z: 0.35}
    isPlayer: 0
    useGravity: 1
  - localPosition: {x: 4.51, y: 2.37, z: 5.8600006}
    rotation: {x: -0, y: -0, z: -0, w: 1}
    scale: {x: 0.35, y: 0.35, z: 0.35}
    isPlayer: 0
    useGravity: 1
  - localPosition: {x: 3.8100007, y: 2.37, z: 5.51}
    rotation: {x: -0, y: -0, z: -0, w: 1}
    scale: {x: 0.35, y: 0.35, z: 0.35}
    isPlayer: 0
    useGravity: 1
  - localPosition: {x: 3.8100007, y: 2.37, z: 5.8600006}
    rotation: {x: -0, y: -0, z: -0, w: 1}
    scale: {x: 0.35, y: 0.35, z: 0.35}
    isPlayer: 0
    useGravity: 1
  - localPosition: {x: 4.1600003, y: 2.37, z: 5.51}
    rotation: {x: -0, y: -0, z: -0, w: 1}
    scale: {x: 0.35, y: 0.35, z: 0.35}
    isPlayer: 0
    useGravity: 1
  - localPosition: {x: 4.1600003, y: 2.37, z: 5.8600006}
    rotation: {x: -0, y: -0, z: -0, w: 1}
    scale: {x: 0.35, y: 0.35, z: 0.35}
    isPlayer: 0
    useGravity: 1
  - localPosition: {x: 4.51, y: 1.67, z: 3.41}
    rotation: {x: -0, y: -0, z: -0, w: 1}
    scale: {x: 0.35, y: 0.35, z: 0.35}
    isPlayer: 0
    useGravity: 1
  - localPosition: {x: 4.51, y: 2.02, z: 3.41}
    rotation: {x: -0, y: -0, z: -0, w: 1}
    scale: {x: 0.35, y: 0.35, z: 0.35}
    isPlayer: 0
    useGravity: 1
  - localPosition: {x: 3.8100007, y: 1.67, z: 3.41}
    rotation: {x: -0, y: -0, z: -0, w: 1}
    scale: {x: 0.35, y: 0.35, z: 0.35}
    isPlayer: 0
    useGravity: 1
  - localPosition: {x: 4.1600003, y: 1.67, z: 3.41}
    rotation: {x: -0, y: -0, z: -0, w: 1}
    scale: {x: 0.35, y: 0.35, z: 0.35}
    isPlayer: 0
    useGravity: 1
  - localPosition: {x: 3.8100007, y: 2.02, z: 3.41}
    rotation: {x: -0, y: -0, z: -0, w: 1}
    scale: {x: 0.35, y: 0.35, z: 0.35}
    isPlayer: 0
    useGravity: 1
  - localPosition: {x: 4.1600003, y: 2.02, z: 3.41}
    rotation: {x: -0, y: -0, z: -0, w: 1}
    scale: {x: 0.35, y: 0.35, z: 0.35}
    isPlayer: 0
    useGravity: 1
  - localPosition: {x: 4.51, y: 1.67, z: 3.7599995}
    rotation: {x: -0, y: -0, z: -0, w: 1}
    scale: {x: 0.35, y: 0.35, z: 0.35}
    isPlayer: 0
    useGravity: 1
  - localPosition: {x: 4.51, y: 1.67, z: 4.1099997}
    rotation: {x: -0, y: -0, z: -0, w: 1}
    scale: {x: 0.35, y: 0.35, z: 0.35}
    isPlayer: 0
    useGravity: 1
  - localPosition: {x: 4.51, y: 2.02, z: 3.7599995}
    rotation: {x: -0, y: -0, z: -0, w: 1}
    scale: {x: 0.35, y: 0.35, z: 0.35}
    isPlayer: 0
    useGravity: 1
  - localPosition: {x: 4.51, y: 2.02, z: 4.1099997}
    rotation: {x: -0, y: -0, z: -0, w: 1}
    scale: {x: 0.35, y: 0.35, z: 0.35}
    isPlayer: 0
    useGravity: 1
  - localPosition: {x: 3.8100007, y: 1.67, z: 3.7599995}
    rotation: {x: -0, y: -0, z: -0, w: 1}
    scale: {x: 0.35, y: 0.35, z: 0.35}
    isPlayer: 0
    useGravity: 1
  - localPosition: {x: 3.8100007, y: 1.67, z: 4.1099997}
    rotation: {x: -0, y: -0, z: -0, w: 1}
    scale: {x: 0.35, y: 0.35, z: 0.35}
    isPlayer: 0
    useGravity: 1
  - localPosition: {x: 4.1600003, y: 1.67, z: 3.7599995}
    rotation: {x: -0, y: -0, z: -0, w: 1}
    scale: {x: 0.35, y: 0.35, z: 0.35}
    isPlayer: 0
    useGravity: 1
  - localPosition: {x: 4.1600003, y: 1.67, z: 4.1099997}
    rotation: {x: -0, y: -0, z: -0, w: 1}
    scale: {x: 0.35, y: 0.35, z: 0.35}
    isPlayer: 0
    useGravity: 1
  - localPosition: {x: 3.8100007, y: 2.02, z: 3.7599995}
    rotation: {x: -0, y: -0, z: -0, w: 1}
    scale: {x: 0.35, y: 0.35, z: 0.35}
    isPlayer: 0
    useGravity: 1
  - localPosition: {x: 3.8100007, y: 2.02, z: 4.1099997}
    rotation: {x: -0, y: -0, z: -0, w: 1}
    scale: {x: 0.35, y: 0.35, z: 0.35}
    isPlayer: 0
    useGravity: 1
  - localPosition: {x: 4.1600003, y: 2.02, z: 3.7599995}
    rotation: {x: -0, y: -0, z: -0, w: 1}
    scale: {x: 0.35, y: 0.35, z: 0.35}
    isPlayer: 0
    useGravity: 1
  - localPosition: {x: 4.1600003, y: 2.02, z: 4.1099997}
    rotation: {x: -0, y: -0, z: -0, w: 1}
    scale: {x: 0.35, y: 0.35, z: 0.35}
    isPlayer: 0
    useGravity: 1
  - localPosition: {x: 4.51, y: 2.37, z: 3.41}
    rotation: {x: -0, y: -0, z: -0, w: 1}
    scale: {x: 0.35, y: 0.35, z: 0.35}
    isPlayer: 0
    useGravity: 1
  - localPosition: {x: 3.8100007, y: 2.37, z: 3.41}
    rotation: {x: -0, y: -0, z: -0, w: 1}
    scale: {x: 0.35, y: 0.35, z: 0.35}
    isPlayer: 0
    useGravity: 1
  - localPosition: {x: 4.1600003, y: 2.37, z: 3.41}
    rotation: {x: -0, y: -0, z: -0, w: 1}
    scale: {x: 0.35, y: 0.35, z: 0.35}
    isPlayer: 0
    useGravity: 1
  - localPosition: {x: 4.51, y: 2.37, z: 3.7599995}
    rotation: {x: -0, y: -0, z: -0, w: 1}
    scale: {x: 0.35, y: 0.35, z: 0.35}
    isPlayer: 0
    useGravity: 1
  - localPosition: {x: 4.51, y: 2.37, z: 4.1099997}
    rotation: {x: -0, y: -0, z: -0, w: 1}
    scale: {x: 0.35, y: 0.35, z: 0.35}
    isPlayer: 0
    useGravity: 1
  - localPosition: {x: 3.8100007, y: 2.37, z: 3.7599995}
    rotation: {x: -0, y: -0, z: -0, w: 1}
    scale: {x: 0.35, y: 0.35, z: 0.35}
    isPlayer: 0
    useGravity: 1
  - localPosition: {x: 3.8100007, y: 2.37, z: 4.1099997}
    rotation: {x: -0, y: -0, z: -0, w: 1}
    scale: {x: 0.35, y: 0.35, z: 0.35}
    isPlayer: 0
    useGravity: 1
  - localPosition: {x: 4.1600003, y: 2.37, z: 3.7599995}
    rotation: {x: -0, y: -0, z: -0, w: 1}
    scale: {x: 0.35, y: 0.35, z: 0.35}
    isPlayer: 0
    useGravity: 1
  - localPosition: {x: 4.1600003, y: 2.37, z: 4.1099997}
    rotation: {x: -0, y: -0, z: -0, w: 1}
    scale: {x: 0.35, y: 0.35, z: 0.35}
    isPlayer: 0
    useGravity: 1
  - localPosition: {x: 2.76, y: 1.67, z: 3.41}
    rotation: {x: -0, y: -0, z: -0, w: 1}
    scale: {x: 0.35, y: 0.35, z: 0.35}
    isPlayer: 0
    useGravity: 1
  - localPosition: {x: 2.76, y: 2.02, z: 3.41}
    rotation: {x: -0, y: -0, z: -0, w: 1}
    scale: {x: 0.35, y: 0.35, z: 0.35}
    isPlayer: 0
    useGravity: 1
  - localPosition: {x: 2.0600004, y: 1.67, z: 3.41}
    rotation: {x: -0, y: -0, z: -0, w: 1}
    scale: {x: 0.35, y: 0.35, z: 0.35}
    isPlayer: 0
    useGravity: 1
  - localPosition: {x: 2.41, y: 1.67, z: 3.41}
    rotation: {x: -0, y: -0, z: -0, w: 1}
    scale: {x: 0.35, y: 0.35, z: 0.35}
    isPlayer: 0
    useGravity: 1
  - localPosition: {x: 2.0600004, y: 2.02, z: 3.41}
    rotation: {x: -0, y: -0, z: -0, w: 1}
    scale: {x: 0.35, y: 0.35, z: 0.35}
    isPlayer: 0
    useGravity: 1
  - localPosition: {x: 2.41, y: 2.02, z: 3.41}
    rotation: {x: -0, y: -0, z: -0, w: 1}
    scale: {x: 0.35, y: 0.35, z: 0.35}
    isPlayer: 0
    useGravity: 1
  - localPosition: {x: 2.76, y: 1.67, z: 3.7599995}
    rotation: {x: -0, y: -0, z: -0, w: 1}
    scale: {x: 0.35, y: 0.35, z: 0.35}
    isPlayer: 0
    useGravity: 1
  - localPosition: {x: 2.76, y: 1.67, z: 4.1099997}
    rotation: {x: -0, y: -0, z: -0, w: 1}
    scale: {x: 0.35, y: 0.35, z: 0.35}
    isPlayer: 0
    useGravity: 1
  - localPosition: {x: 2.76, y: 2.02, z: 3.7599995}
    rotation: {x: -0, y: -0, z: -0, w: 1}
    scale: {x: 0.35, y: 0.35, z: 0.35}
    isPlayer: 0
    useGravity: 1
  - localPosition: {x: 2.76, y: 2.02, z: 4.1099997}
    rotation: {x: -0, y: -0, z: -0, w: 1}
    scale: {x: 0.35, y: 0.35, z: 0.35}
    isPlayer: 0
    useGravity: 1
  - localPosition: {x: 2.0600004, y: 1.67, z: 3.7599995}
    rotation: {x: -0, y: -0, z: -0, w: 1}
    scale: {x: 0.35, y: 0.35, z: 0.35}
    isPlayer: 0
    useGravity: 1
  - localPosition: {x: 2.0600004, y: 1.67, z: 4.1099997}
    rotation: {x: -0, y: -0, z: -0, w: 1}
    scale: {x: 0.35, y: 0.35, z: 0.35}
    isPlayer: 0
    useGravity: 1
  - localPosition: {x: 2.41, y: 1.67, z: 3.7599995}
    rotation: {x: -0, y: -0, z: -0, w: 1}
    scale: {x: 0.35, y: 0.35, z: 0.35}
    isPlayer: 0
    useGravity: 1
  - localPosition: {x: 2.41, y: 1.67, z: 4.1099997}
    rotation: {x: -0, y: -0, z: -0, w: 1}
    scale: {x: 0.35, y: 0.35, z: 0.35}
    isPlayer: 0
    useGravity: 1
  - localPosition: {x: 2.0600004, y: 2.02, z: 3.7599995}
    rotation: {x: -0, y: -0, z: -0, w: 1}
    scale: {x: 0.35, y: 0.35, z: 0.35}
    isPlayer: 0
    useGravity: 1
  - localPosition: {x: 2.0600004, y: 2.02, z: 4.1099997}
    rotation: {x: -0, y: -0, z: -0, w: 1}
    scale: {x: 0.35, y: 0.35, z: 0.35}
    isPlayer: 0
    useGravity: 1
  - localPosition: {x: 2.41, y: 2.02, z: 3.7599995}
    rotation: {x: -0, y: -0, z: -0, w: 1}
    scale: {x: 0.35, y: 0.35, z: 0.35}
    isPlayer: 0
    useGravity: 1
  - localPosition: {x: 2.41, y: 2.02, z: 4.1099997}
    rotation: {x: -0, y: -0, z: -0, w: 1}
    scale: {x: 0.35, y: 0.35, z: 0.35}
    isPlayer: 0
    useGravity: 1
  - localPosition: {x: 2.76, y: 2.37, z: 3.41}
    rotation: {x: -0, y: -0, z: -0, w: 1}
    scale: {x: 0.35, y: 0.35, z: 0.35}
    isPlayer: 0
    useGravity: 1
  - localPosition: {x: 2.0600004, y: 2.37, z: 3.41}
    rotation: {x: -0, y: -0, z: -0, w: 1}
    scale: {x: 0.35, y: 0.35, z: 0.35}
    isPlayer: 0
    useGravity: 1
  - localPosition: {x: 2.41, y: 2.37, z: 3.41}
    rotation: {x: -0, y: -0, z: -0, w: 1}
    scale: {x: 0.35, y: 0.35, z: 0.35}
    isPlayer: 0
    useGravity: 1
  - localPosition: {x: 2.76, y: 2.37, z: 3.7599995}
    rotation: {x: -0, y: -0, z: -0, w: 1}
    scale: {x: 0.35, y: 0.35, z: 0.35}
    isPlayer: 0
    useGravity: 1
  - localPosition: {x: 2.76, y: 2.37, z: 4.1099997}
    rotation: {x: -0, y: -0, z: -0, w: 1}
    scale: {x: 0.35, y: 0.35, z: 0.35}
    isPlayer: 0
    useGravity: 1
  - localPosition: {x: 2.0600004, y: 2.37, z: 3.7599995}
    rotation: {x: -0, y: -0, z: -0, w: 1}
    scale: {x: 0.35, y: 0.35, z: 0.35}
    isPlayer: 0
    useGravity: 1
  - localPosition: {x: 2.0600004, y: 2.37, z: 4.1099997}
    rotation: {x: -0, y: -0, z: -0, w: 1}
    scale: {x: 0.35, y: 0.35, z: 0.35}
    isPlayer: 0
    useGravity: 1
  - localPosition: {x: 2.41, y: 2.37, z: 3.7599995}
    rotation: {x: -0, y: -0, z: -0, w: 1}
    scale: {x: 0.35, y: 0.35, z: 0.35}
    isPlayer: 0
    useGravity: 1
  - localPosition: {x: 2.41, y: 2.37, z: 4.1099997}
    rotation: {x: -0, y: -0, z: -0, w: 1}
    scale: {x: 0.35, y: 0.35, z: 0.35}
    isPlayer: 0
    useGravity: 1
  - localPosition: {x: -0.5200001, y: 1.67, z: 0.2600007}
    rotation: {x: -0, y: -0, z: -0, w: 1}
    scale: {x: 0.35, y: 0.35, z: 0.35}
    isPlayer: 0
    useGravity: 1
  - localPosition: {x: -0.5200001, y: 2.02, z: 0.2600007}
    rotation: {x: -0, y: -0, z: -0, w: 1}
    scale: {x: 0.35, y: 0.35, z: 0.35}
    isPlayer: 0
    useGravity: 1
  - localPosition: {x: -1.2199997, y: 1.67, z: 0.2600007}
    rotation: {x: -0, y: -0, z: -0, w: 1}
    scale: {x: 0.35, y: 0.35, z: 0.35}
    isPlayer: 0
    useGravity: 1
  - localPosition: {x: -0.87, y: 1.67, z: 0.2600007}
    rotation: {x: -0, y: -0, z: -0, w: 1}
    scale: {x: 0.35, y: 0.35, z: 0.35}
    isPlayer: 0
    useGravity: 1
  - localPosition: {x: -1.2199997, y: 2.02, z: 0.2600007}
    rotation: {x: -0, y: -0, z: -0, w: 1}
    scale: {x: 0.35, y: 0.35, z: 0.35}
    isPlayer: 0
    useGravity: 1
  - localPosition: {x: -0.87, y: 2.02, z: 0.2600007}
    rotation: {x: -0, y: -0, z: -0, w: 1}
    scale: {x: 0.35, y: 0.35, z: 0.35}
    isPlayer: 0
    useGravity: 1
  - localPosition: {x: -0.5200001, y: 1.67, z: 0.61000013}
    rotation: {x: -0, y: -0, z: -0, w: 1}
    scale: {x: 0.35, y: 0.35, z: 0.35}
    isPlayer: 0
    useGravity: 1
  - localPosition: {x: -0.5200001, y: 1.67, z: 0.9600005}
    rotation: {x: -0, y: -0, z: -0, w: 1}
    scale: {x: 0.35, y: 0.35, z: 0.35}
    isPlayer: 0
    useGravity: 1
  - localPosition: {x: -0.5200001, y: 2.02, z: 0.61000013}
    rotation: {x: -0, y: -0, z: -0, w: 1}
    scale: {x: 0.35, y: 0.35, z: 0.35}
    isPlayer: 0
    useGravity: 1
  - localPosition: {x: -0.5200001, y: 2.02, z: 0.9600005}
    rotation: {x: -0, y: -0, z: -0, w: 1}
    scale: {x: 0.35, y: 0.35, z: 0.35}
    isPlayer: 0
    useGravity: 1
  - localPosition: {x: -1.2199997, y: 1.67, z: 0.61000013}
    rotation: {x: -0, y: -0, z: -0, w: 1}
    scale: {x: 0.35, y: 0.35, z: 0.35}
    isPlayer: 0
    useGravity: 1
  - localPosition: {x: -1.2199997, y: 1.67, z: 0.9600005}
    rotation: {x: -0, y: -0, z: -0, w: 1}
    scale: {x: 0.35, y: 0.35, z: 0.35}
    isPlayer: 0
    useGravity: 1
  - localPosition: {x: -0.87, y: 1.67, z: 0.61000013}
    rotation: {x: -0, y: -0, z: -0, w: 1}
    scale: {x: 0.35, y: 0.35, z: 0.35}
    isPlayer: 0
    useGravity: 1
  - localPosition: {x: -0.87, y: 1.67, z: 0.9600005}
    rotation: {x: -0, y: -0, z: -0, w: 1}
    scale: {x: 0.35, y: 0.35, z: 0.35}
    isPlayer: 0
    useGravity: 1
  - localPosition: {x: -1.2199997, y: 2.02, z: 0.61000013}
    rotation: {x: -0, y: -0, z: -0, w: 1}
    scale: {x: 0.35, y: 0.35, z: 0.35}
    isPlayer: 0
    useGravity: 1
  - localPosition: {x: -1.2199997, y: 2.02, z: 0.9600005}
    rotation: {x: -0, y: -0, z: -0, w: 1}
    scale: {x: 0.35, y: 0.35, z: 0.35}
    isPlayer: 0
    useGravity: 1
  - localPosition: {x: -0.87, y: 2.02, z: 0.61000013}
    rotation: {x: -0, y: -0, z: -0, w: 1}
    scale: {x: 0.35, y: 0.35, z: 0.35}
    isPlayer: 0
    useGravity: 1
  - localPosition: {x: -0.87, y: 2.02, z: 0.9600005}
    rotation: {x: -0, y: -0, z: -0, w: 1}
    scale: {x: 0.35, y: 0.35, z: 0.35}
    isPlayer: 0
    useGravity: 1
  - localPosition: {x: -0.5200001, y: 2.37, z: 0.2600007}
    rotation: {x: -0, y: -0, z: -0, w: 1}
    scale: {x: 0.35, y: 0.35, z: 0.35}
    isPlayer: 0
    useGravity: 1
  - localPosition: {x: -1.2199997, y: 2.37, z: 0.2600007}
    rotation: {x: -0, y: -0, z: -0, w: 1}
    scale: {x: 0.35, y: 0.35, z: 0.35}
    isPlayer: 0
    useGravity: 1
  - localPosition: {x: -0.87, y: 2.37, z: 0.2600007}
    rotation: {x: -0, y: -0, z: -0, w: 1}
    scale: {x: 0.35, y: 0.35, z: 0.35}
    isPlayer: 0
    useGravity: 1
  - localPosition: {x: -0.5200001, y: 2.37, z: 0.61000013}
    rotation: {x: -0, y: -0, z: -0, w: 1}
    scale: {x: 0.35, y: 0.35, z: 0.35}
    isPlayer: 0
    useGravity: 1
  - localPosition: {x: -0.5200001, y: 2.37, z: 0.9600005}
    rotation: {x: -0, y: -0, z: -0, w: 1}
    scale: {x: 0.35, y: 0.35, z: 0.35}
    isPlayer: 0
    useGravity: 1
  - localPosition: {x: -1.2199997, y: 2.37, z: 0.61000013}
    rotation: {x: -0, y: -0, z: -0, w: 1}
    scale: {x: 0.35, y: 0.35, z: 0.35}
    isPlayer: 0
    useGravity: 1
  - localPosition: {x: -1.2199997, y: 2.37, z: 0.9600005}
    rotation: {x: -0, y: -0, z: -0, w: 1}
    scale: {x: 0.35, y: 0.35, z: 0.35}
    isPlayer: 0
    useGravity: 1
  - localPosition: {x: -0.87, y: 2.37, z: 0.61000013}
    rotation: {x: -0, y: -0, z: -0, w: 1}
    scale: {x: 0.35, y: 0.35, z: 0.35}
    isPlayer: 0
    useGravity: 1
  - localPosition: {x: -0.87, y: 2.37, z: 0.9600005}
    rotation: {x: -0, y: -0, z: -0, w: 1}
    scale: {x: 0.35, y: 0.35, z: 0.35}
    isPlayer: 0
    useGravity: 1
  - localPosition: {x: 1.2300001, y: 1.67, z: 0.2600007}
    rotation: {x: -0, y: -0, z: -0, w: 1}
    scale: {x: 0.35, y: 0.35, z: 0.35}
    isPlayer: 0
    useGravity: 1
  - localPosition: {x: 1.2300001, y: 2.02, z: 0.2600007}
    rotation: {x: -0, y: -0, z: -0, w: 1}
    scale: {x: 0.35, y: 0.35, z: 0.35}
    isPlayer: 0
    useGravity: 1
  - localPosition: {x: 0.53000057, y: 1.67, z: 0.2600007}
    rotation: {x: -0, y: -0, z: -0, w: 1}
    scale: {x: 0.35, y: 0.35, z: 0.35}
    isPlayer: 0
    useGravity: 1
  - localPosition: {x: 0.88000023, y: 1.67, z: 0.2600007}
    rotation: {x: -0, y: -0, z: -0, w: 1}
    scale: {x: 0.35, y: 0.35, z: 0.35}
    isPlayer: 0
    useGravity: 1
  - localPosition: {x: 0.53000057, y: 2.02, z: 0.2600007}
    rotation: {x: -0, y: -0, z: -0, w: 1}
    scale: {x: 0.35, y: 0.35, z: 0.35}
    isPlayer: 0
    useGravity: 1
  - localPosition: {x: 0.88000023, y: 2.02, z: 0.2600007}
    rotation: {x: -0, y: -0, z: -0, w: 1}
    scale: {x: 0.35, y: 0.35, z: 0.35}
    isPlayer: 0
    useGravity: 1
  - localPosition: {x: 1.2300001, y: 1.67, z: 0.61000013}
    rotation: {x: -0, y: -0, z: -0, w: 1}
    scale: {x: 0.35, y: 0.35, z: 0.35}
    isPlayer: 0
    useGravity: 1
  - localPosition: {x: 1.2300001, y: 1.67, z: 0.9600005}
    rotation: {x: -0, y: -0, z: -0, w: 1}
    scale: {x: 0.35, y: 0.35, z: 0.35}
    isPlayer: 0
    useGravity: 1
  - localPosition: {x: 1.2300001, y: 2.02, z: 0.61000013}
    rotation: {x: -0, y: -0, z: -0, w: 1}
    scale: {x: 0.35, y: 0.35, z: 0.35}
    isPlayer: 0
    useGravity: 1
  - localPosition: {x: 1.2300001, y: 2.02, z: 0.9600005}
    rotation: {x: -0, y: -0, z: -0, w: 1}
    scale: {x: 0.35, y: 0.35, z: 0.35}
    isPlayer: 0
    useGravity: 1
  - localPosition: {x: 0.53000057, y: 1.67, z: 0.61000013}
    rotation: {x: -0, y: -0, z: -0, w: 1}
    scale: {x: 0.35, y: 0.35, z: 0.35}
    isPlayer: 0
    useGravity: 1
  - localPosition: {x: 0.53000057, y: 1.67, z: 0.9600005}
    rotation: {x: -0, y: -0, z: -0, w: 1}
    scale: {x: 0.35, y: 0.35, z: 0.35}
    isPlayer: 0
    useGravity: 1
  - localPosition: {x: 0.88000023, y: 1.67, z: 0.61000013}
    rotation: {x: -0, y: -0, z: -0, w: 1}
    scale: {x: 0.35, y: 0.35, z: 0.35}
    isPlayer: 0
    useGravity: 1
  - localPosition: {x: 0.88000023, y: 1.67, z: 0.9600005}
    rotation: {x: -0, y: -0, z: -0, w: 1}
    scale: {x: 0.35, y: 0.35, z: 0.35}
    isPlayer: 0
    useGravity: 1
  - localPosition: {x: 0.53000057, y: 2.02, z: 0.61000013}
    rotation: {x: -0, y: -0, z: -0, w: 1}
    scale: {x: 0.35, y: 0.35, z: 0.35}
    isPlayer: 0
    useGravity: 1
  - localPosition: {x: 0.53000057, y: 2.02, z: 0.9600005}
    rotation: {x: -0, y: -0, z: -0, w: 1}
    scale: {x: 0.35, y: 0.35, z: 0.35}
    isPlayer: 0
    useGravity: 1
  - localPosition: {x: 0.88000023, y: 2.02, z: 0.61000013}
    rotation: {x: -0, y: -0, z: -0, w: 1}
    scale: {x: 0.35, y: 0.35, z: 0.35}
    isPlayer: 0
    useGravity: 1
  - localPosition: {x: 0.88000023, y: 2.02, z: 0.9600005}
    rotation: {x: -0, y: -0, z: -0, w: 1}
    scale: {x: 0.35, y: 0.35, z: 0.35}
    isPlayer: 0
    useGravity: 1
  - localPosition: {x: 1.2300001, y: 2.37, z: 0.2600007}
    rotation: {x: -0, y: -0, z: -0, w: 1}
    scale: {x: 0.35, y: 0.35, z: 0.35}
    isPlayer: 0
    useGravity: 1
  - localPosition: {x: 0.53000057, y: 2.37, z: 0.2600007}
    rotation: {x: -0, y: -0, z: -0, w: 1}
    scale: {x: 0.35, y: 0.35, z: 0.35}
    isPlayer: 0
    useGravity: 1
  - localPosition: {x: 0.88000023, y: 2.37, z: 0.2600007}
    rotation: {x: -0, y: -0, z: -0, w: 1}
    scale: {x: 0.35, y: 0.35, z: 0.35}
    isPlayer: 0
    useGravity: 1
  - localPosition: {x: 1.2300001, y: 2.37, z: 0.61000013}
    rotation: {x: -0, y: -0, z: -0, w: 1}
    scale: {x: 0.35, y: 0.35, z: 0.35}
    isPlayer: 0
    useGravity: 1
  - localPosition: {x: 1.2300001, y: 2.37, z: 0.9600005}
    rotation: {x: -0, y: -0, z: -0, w: 1}
    scale: {x: 0.35, y: 0.35, z: 0.35}
    isPlayer: 0
    useGravity: 1
  - localPosition: {x: 0.53000057, y: 2.37, z: 0.61000013}
    rotation: {x: -0, y: -0, z: -0, w: 1}
    scale: {x: 0.35, y: 0.35, z: 0.35}
    isPlayer: 0
    useGravity: 1
  - localPosition: {x: 0.53000057, y: 2.37, z: 0.9600005}
    rotation: {x: -0, y: -0, z: -0, w: 1}
    scale: {x: 0.35, y: 0.35, z: 0.35}
    isPlayer: 0
    useGravity: 1
  - localPosition: {x: 0.88000023, y: 2.37, z: 0.61000013}
    rotation: {x: -0, y: -0, z: -0, w: 1}
    scale: {x: 0.35, y: 0.35, z: 0.35}
    isPlayer: 0
    useGravity: 1
  - localPosition: {x: 0.88000023, y: 2.37, z: 0.9600005}
    rotation: {x: -0, y: -0, z: -0, w: 1}
    scale: {x: 0.35, y: 0.35, z: 0.35}
    isPlayer: 0
    useGravity: 1
  - localPosition: {x: 1.2300001, y: 1.67, z: -1.49}
    rotation: {x: -0, y: -0, z: -0, w: 1}
    scale: {x: 0.35, y: 0.35, z: 0.35}
    isPlayer: 0
    useGravity: 1
  - localPosition: {x: 1.2300001, y: 2.02, z: -1.49}
    rotation: {x: -0, y: -0, z: -0, w: 1}
    scale: {x: 0.35, y: 0.35, z: 0.35}
    isPlayer: 0
    useGravity: 1
  - localPosition: {x: 0.53000057, y: 1.67, z: -1.49}
    rotation: {x: -0, y: -0, z: -0, w: 1}
    scale: {x: 0.35, y: 0.35, z: 0.35}
    isPlayer: 0
    useGravity: 1
  - localPosition: {x: 0.88000023, y: 1.67, z: -1.49}
    rotation: {x: -0, y: -0, z: -0, w: 1}
    scale: {x: 0.35, y: 0.35, z: 0.35}
    isPlayer: 0
    useGravity: 1
  - localPosition: {x: 0.53000057, y: 2.02, z: -1.49}
    rotation: {x: -0, y: -0, z: -0, w: 1}
    scale: {x: 0.35, y: 0.35, z: 0.35}
    isPlayer: 0
    useGravity: 1
  - localPosition: {x: 0.88000023, y: 2.02, z: -1.49}
    rotation: {x: -0, y: -0, z: -0, w: 1}
    scale: {x: 0.35, y: 0.35, z: 0.35}
    isPlayer: 0
    useGravity: 1
  - localPosition: {x: 1.2300001, y: 1.67, z: -1.1400006}
    rotation: {x: -0, y: -0, z: -0, w: 1}
    scale: {x: 0.35, y: 0.35, z: 0.35}
    isPlayer: 0
    useGravity: 1
  - localPosition: {x: 1.2300001, y: 1.67, z: -0.79000044}
    rotation: {x: -0, y: -0, z: -0, w: 1}
    scale: {x: 0.35, y: 0.35, z: 0.35}
    isPlayer: 0
    useGravity: 1
  - localPosition: {x: 1.2300001, y: 2.02, z: -1.1400006}
    rotation: {x: -0, y: -0, z: -0, w: 1}
    scale: {x: 0.35, y: 0.35, z: 0.35}
    isPlayer: 0
    useGravity: 1
  - localPosition: {x: 1.2300001, y: 2.02, z: -0.79000044}
    rotation: {x: -0, y: -0, z: -0, w: 1}
    scale: {x: 0.35, y: 0.35, z: 0.35}
    isPlayer: 0
    useGravity: 1
  - localPosition: {x: 0.53000057, y: 1.67, z: -1.1400006}
    rotation: {x: -0, y: -0, z: -0, w: 1}
    scale: {x: 0.35, y: 0.35, z: 0.35}
    isPlayer: 0
    useGravity: 1
  - localPosition: {x: 0.53000057, y: 1.67, z: -0.79000044}
    rotation: {x: -0, y: -0, z: -0, w: 1}
    scale: {x: 0.35, y: 0.35, z: 0.35}
    isPlayer: 0
    useGravity: 1
  - localPosition: {x: 0.88000023, y: 1.67, z: -1.1400006}
    rotation: {x: -0, y: -0, z: -0, w: 1}
    scale: {x: 0.35, y: 0.35, z: 0.35}
    isPlayer: 0
    useGravity: 1
  - localPosition: {x: 0.88000023, y: 1.67, z: -0.79000044}
    rotation: {x: -0, y: -0, z: -0, w: 1}
    scale: {x: 0.35, y: 0.35, z: 0.35}
    isPlayer: 0
    useGravity: 1
  - localPosition: {x: 0.53000057, y: 2.02, z: -1.1400006}
    rotation: {x: -0, y: -0, z: -0, w: 1}
    scale: {x: 0.35, y: 0.35, z: 0.35}
    isPlayer: 0
    useGravity: 1
  - localPosition: {x: 0.53000057, y: 2.02, z: -0.79000044}
    rotation: {x: -0, y: -0, z: -0, w: 1}
    scale: {x: 0.35, y: 0.35, z: 0.35}
    isPlayer: 0
    useGravity: 1
  - localPosition: {x: 0.88000023, y: 2.02, z: -1.1400006}
    rotation: {x: -0, y: -0, z: -0, w: 1}
    scale: {x: 0.35, y: 0.35, z: 0.35}
    isPlayer: 0
    useGravity: 1
  - localPosition: {x: 0.88000023, y: 2.02, z: -0.79000044}
    rotation: {x: -0, y: -0, z: -0, w: 1}
    scale: {x: 0.35, y: 0.35, z: 0.35}
    isPlayer: 0
    useGravity: 1
  - localPosition: {x: 1.2300001, y: 2.37, z: -1.49}
    rotation: {x: -0, y: -0, z: -0, w: 1}
    scale: {x: 0.35, y: 0.35, z: 0.35}
    isPlayer: 0
    useGravity: 1
  - localPosition: {x: 0.53000057, y: 2.37, z: -1.49}
    rotation: {x: -0, y: -0, z: -0, w: 1}
    scale: {x: 0.35, y: 0.35, z: 0.35}
    isPlayer: 0
    useGravity: 1
  - localPosition: {x: 0.88000023, y: 2.37, z: -1.49}
    rotation: {x: -0, y: -0, z: -0, w: 1}
    scale: {x: 0.35, y: 0.35, z: 0.35}
    isPlayer: 0
    useGravity: 1
  - localPosition: {x: 1.2300001, y: 2.37, z: -1.1400006}
    rotation: {x: -0, y: -0, z: -0, w: 1}
    scale: {x: 0.35, y: 0.35, z: 0.35}
    isPlayer: 0
    useGravity: 1
  - localPosition: {x: 1.2300001, y: 2.37, z: -0.79000044}
    rotation: {x: -0, y: -0, z: -0, w: 1}
    scale: {x: 0.35, y: 0.35, z: 0.35}
    isPlayer: 0
    useGravity: 1
  - localPosition: {x: 0.53000057, y: 2.37, z: -1.1400006}
    rotation: {x: -0, y: -0, z: -0, w: 1}
    scale: {x: 0.35, y: 0.35, z: 0.35}
    isPlayer: 0
    useGravity: 1
  - localPosition: {x: 0.53000057, y: 2.37, z: -0.79000044}
    rotation: {x: -0, y: -0, z: -0, w: 1}
    scale: {x: 0.35, y: 0.35, z: 0.35}
    isPlayer: 0
    useGravity: 1
  - localPosition: {x: 0.88000023, y: 2.37, z: -1.1400006}
    rotation: {x: -0, y: -0, z: -0, w: 1}
    scale: {x: 0.35, y: 0.35, z: 0.35}
    isPlayer: 0
    useGravity: 1
  - localPosition: {x: 0.88000023, y: 2.37, z: -0.79000044}
    rotation: {x: -0, y: -0, z: -0, w: 1}
    scale: {x: 0.35, y: 0.35, z: 0.35}
    isPlayer: 0
    useGravity: 1
  - localPosition: {x: -0.5200001, y: 1.67, z: -1.49}
    rotation: {x: -0, y: -0, z: -0, w: 1}
    scale: {x: 0.35, y: 0.35, z: 0.35}
    isPlayer: 0
    useGravity: 1
  - localPosition: {x: -0.5200001, y: 2.02, z: -1.49}
    rotation: {x: -0, y: -0, z: -0, w: 1}
    scale: {x: 0.35, y: 0.35, z: 0.35}
    isPlayer: 0
    useGravity: 1
  - localPosition: {x: -1.2199997, y: 1.67, z: -1.49}
    rotation: {x: -0, y: -0, z: -0, w: 1}
    scale: {x: 0.35, y: 0.35, z: 0.35}
    isPlayer: 0
    useGravity: 1
  - localPosition: {x: -0.87, y: 1.67, z: -1.49}
    rotation: {x: -0, y: -0, z: -0, w: 1}
    scale: {x: 0.35, y: 0.35, z: 0.35}
    isPlayer: 0
    useGravity: 1
  - localPosition: {x: -1.2199997, y: 2.02, z: -1.49}
    rotation: {x: -0, y: -0, z: -0, w: 1}
    scale: {x: 0.35, y: 0.35, z: 0.35}
    isPlayer: 0
    useGravity: 1
  - localPosition: {x: -0.87, y: 2.02, z: -1.49}
    rotation: {x: -0, y: -0, z: -0, w: 1}
    scale: {x: 0.35, y: 0.35, z: 0.35}
    isPlayer: 0
    useGravity: 1
  - localPosition: {x: -0.5200001, y: 1.67, z: -1.1400006}
    rotation: {x: -0, y: -0, z: -0, w: 1}
    scale: {x: 0.35, y: 0.35, z: 0.35}
    isPlayer: 0
    useGravity: 1
  - localPosition: {x: -0.5200001, y: 1.67, z: -0.79000044}
    rotation: {x: -0, y: -0, z: -0, w: 1}
    scale: {x: 0.35, y: 0.35, z: 0.35}
    isPlayer: 0
    useGravity: 1
  - localPosition: {x: -0.5200001, y: 2.02, z: -1.1400006}
    rotation: {x: -0, y: -0, z: -0, w: 1}
    scale: {x: 0.35, y: 0.35, z: 0.35}
    isPlayer: 0
    useGravity: 1
  - localPosition: {x: -0.5200001, y: 2.02, z: -0.79000044}
    rotation: {x: -0, y: -0, z: -0, w: 1}
    scale: {x: 0.35, y: 0.35, z: 0.35}
    isPlayer: 0
    useGravity: 1
  - localPosition: {x: -1.2199997, y: 1.67, z: -1.1400006}
    rotation: {x: -0, y: -0, z: -0, w: 1}
    scale: {x: 0.35, y: 0.35, z: 0.35}
    isPlayer: 0
    useGravity: 1
  - localPosition: {x: -1.2199997, y: 1.67, z: -0.79000044}
    rotation: {x: -0, y: -0, z: -0, w: 1}
    scale: {x: 0.35, y: 0.35, z: 0.35}
    isPlayer: 0
    useGravity: 1
  - localPosition: {x: -0.87, y: 1.67, z: -1.1400006}
    rotation: {x: -0, y: -0, z: -0, w: 1}
    scale: {x: 0.35, y: 0.35, z: 0.35}
    isPlayer: 0
    useGravity: 1
  - localPosition: {x: -0.87, y: 1.67, z: -0.79000044}
    rotation: {x: -0, y: -0, z: -0, w: 1}
    scale: {x: 0.35, y: 0.35, z: 0.35}
    isPlayer: 0
    useGravity: 1
  - localPosition: {x: -1.2199997, y: 2.02, z: -1.1400006}
    rotation: {x: -0, y: -0, z: -0, w: 1}
    scale: {x: 0.35, y: 0.35, z: 0.35}
    isPlayer: 0
    useGravity: 1
  - localPosition: {x: -1.2199997, y: 2.02, z: -0.79000044}
    rotation: {x: -0, y: -0, z: -0, w: 1}
    scale: {x: 0.35, y: 0.35, z: 0.35}
    isPlayer: 0
    useGravity: 1
  - localPosition: {x: -0.87, y: 2.02, z: -1.1400006}
    rotation: {x: -0, y: -0, z: -0, w: 1}
    scale: {x: 0.35, y: 0.35, z: 0.35}
    isPlayer: 0
    useGravity: 1
  - localPosition: {x: -0.87, y: 2.02, z: -0.79000044}
    rotation: {x: -0, y: -0, z: -0, w: 1}
    scale: {x: 0.35, y: 0.35, z: 0.35}
    isPlayer: 0
    useGravity: 1
  - localPosition: {x: -0.5200001, y: 2.37, z: -1.49}
    rotation: {x: -0, y: -0, z: -0, w: 1}
    scale: {x: 0.35, y: 0.35, z: 0.35}
    isPlayer: 0
    useGravity: 1
  - localPosition: {x: -1.2199997, y: 2.37, z: -1.49}
    rotation: {x: -0, y: -0, z: -0, w: 1}
    scale: {x: 0.35, y: 0.35, z: 0.35}
    isPlayer: 0
    useGravity: 1
  - localPosition: {x: -0.87, y: 2.37, z: -1.49}
    rotation: {x: -0, y: -0, z: -0, w: 1}
    scale: {x: 0.35, y: 0.35, z: 0.35}
    isPlayer: 0
    useGravity: 1
  - localPosition: {x: -0.5200001, y: 2.37, z: -1.1400006}
    rotation: {x: -0, y: -0, z: -0, w: 1}
    scale: {x: 0.35, y: 0.35, z: 0.35}
    isPlayer: 0
    useGravity: 1
  - localPosition: {x: -0.5200001, y: 2.37, z: -0.79000044}
    rotation: {x: -0, y: -0, z: -0, w: 1}
    scale: {x: 0.35, y: 0.35, z: 0.35}
    isPlayer: 0
    useGravity: 1
  - localPosition: {x: -1.2199997, y: 2.37, z: -1.1400006}
    rotation: {x: -0, y: -0, z: -0, w: 1}
    scale: {x: 0.35, y: 0.35, z: 0.35}
    isPlayer: 0
    useGravity: 1
  - localPosition: {x: -1.2199997, y: 2.37, z: -0.79000044}
    rotation: {x: -0, y: -0, z: -0, w: 1}
    scale: {x: 0.35, y: 0.35, z: 0.35}
    isPlayer: 0
    useGravity: 1
  - localPosition: {x: -0.87, y: 2.37, z: -1.1400006}
    rotation: {x: -0, y: -0, z: -0, w: 1}
    scale: {x: 0.35, y: 0.35, z: 0.35}
    isPlayer: 0
    useGravity: 1
  - localPosition: {x: -0.87, y: 2.37, z: -0.79000044}
    rotation: {x: -0, y: -0, z: -0, w: 1}
    scale: {x: 0.35, y: 0.35, z: 0.35}
    isPlayer: 0
    useGravity: 1
  cubes: []
  gameOverObstaclePos: {x: 0, y: 0, z: 0}
--- !u!1 &8767021091402443843
GameObject:
  m_ObjectHideFlags: 0
  m_CorrespondingSourceObject: {fileID: 0}
  m_PrefabInstance: {fileID: 0}
  m_PrefabAsset: {fileID: 0}
  serializedVersion: 6
  m_Component:
  - component: {fileID: 8767021091402443841}
  - component: {fileID: 8965473271639012855}
  m_Layer: 0
  m_Name: Stage2
  m_TagString: Untagged
  m_Icon: {fileID: 0}
  m_NavMeshLayer: 0
  m_StaticEditorFlags: 0
  m_IsActive: 1
--- !u!4 &8767021091402443841
Transform:
  m_ObjectHideFlags: 0
  m_CorrespondingSourceObject: {fileID: 0}
  m_PrefabInstance: {fileID: 0}
  m_PrefabAsset: {fileID: 0}
  m_GameObject: {fileID: 8767021091402443843}
  m_LocalRotation: {x: 0, y: 0, z: 0, w: 1}
  m_LocalPosition: {x: 0, y: 0, z: 0}
  m_LocalScale: {x: 1, y: 1, z: 1}
  m_Children:
  - {fileID: 2188742810607123475}
  - {fileID: 8767021090987240872}
  - {fileID: 4321359132988557134}
  - {fileID: 5373518404238389960}
  - {fileID: 8887426201512215027}
  - {fileID: 346826246794722993}
  - {fileID: 2762486885350396706}
  - {fileID: 5770942337616850155}
  - {fileID: 3239553821450244273}
  - {fileID: 6202225238928382060}
  - {fileID: 6104473280290994084}
  - {fileID: 3796113027136979266}
  m_Father: {fileID: 0}
  m_RootOrder: 0
  m_LocalEulerAnglesHint: {x: 0, y: 0, z: 0}
--- !u!114 &8965473271639012855
MonoBehaviour:
  m_ObjectHideFlags: 0
  m_CorrespondingSourceObject: {fileID: 0}
  m_PrefabInstance: {fileID: 0}
  m_PrefabAsset: {fileID: 0}
  m_GameObject: {fileID: 8767021091402443843}
  m_Enabled: 1
  m_EditorHideFlags: 0
  m_Script: {fileID: 11500000, guid: 195d3fc22d0234be0bf3bcfd899b4b74, type: 3}
  m_Name: 
  m_EditorClassIdentifier: 
  cubeController: {fileID: 8767021090987240871}
  stageBeginTransform: {fileID: 2762486885350396706}
  stageEndTransform: {fileID: 5770942337616850155}
--- !u!1001 &450079534108429241
PrefabInstance:
  m_ObjectHideFlags: 0
  serializedVersion: 2
  m_Modification:
    m_TransformParent: {fileID: 8767021091402443841}
    m_Modifications:
    - target: {fileID: 5820663578028040399, guid: f8f79b0bc358e4c778af33cf11019825,
        type: 3}
      propertyPath: m_Name
      value: Ventilyator
      objectReference: {fileID: 0}
    - target: {fileID: 5947129651312688157, guid: f8f79b0bc358e4c778af33cf11019825,
        type: 3}
      propertyPath: m_LocalPosition.x
      value: 3.3
      objectReference: {fileID: 0}
    - target: {fileID: 5947129651312688157, guid: f8f79b0bc358e4c778af33cf11019825,
        type: 3}
      propertyPath: m_LocalPosition.y
      value: 0.03
      objectReference: {fileID: 0}
    - target: {fileID: 5947129651312688157, guid: f8f79b0bc358e4c778af33cf11019825,
        type: 3}
      propertyPath: m_LocalPosition.z
      value: 4.63
      objectReference: {fileID: 0}
    - target: {fileID: 5947129651312688157, guid: f8f79b0bc358e4c778af33cf11019825,
        type: 3}
      propertyPath: m_LocalRotation.x
      value: 0
      objectReference: {fileID: 0}
    - target: {fileID: 5947129651312688157, guid: f8f79b0bc358e4c778af33cf11019825,
        type: 3}
      propertyPath: m_LocalRotation.y
      value: 0
      objectReference: {fileID: 0}
    - target: {fileID: 5947129651312688157, guid: f8f79b0bc358e4c778af33cf11019825,
        type: 3}
      propertyPath: m_LocalRotation.z
      value: 0
      objectReference: {fileID: 0}
    - target: {fileID: 5947129651312688157, guid: f8f79b0bc358e4c778af33cf11019825,
        type: 3}
      propertyPath: m_LocalRotation.w
      value: 1
      objectReference: {fileID: 0}
    - target: {fileID: 5947129651312688157, guid: f8f79b0bc358e4c778af33cf11019825,
        type: 3}
      propertyPath: m_RootOrder
      value: 10
      objectReference: {fileID: 0}
    - target: {fileID: 5947129651312688157, guid: f8f79b0bc358e4c778af33cf11019825,
        type: 3}
      propertyPath: m_LocalEulerAnglesHint.x
      value: 0
      objectReference: {fileID: 0}
    - target: {fileID: 5947129651312688157, guid: f8f79b0bc358e4c778af33cf11019825,
        type: 3}
      propertyPath: m_LocalEulerAnglesHint.y
      value: 90.00001
      objectReference: {fileID: 0}
    - target: {fileID: 5947129651312688157, guid: f8f79b0bc358e4c778af33cf11019825,
        type: 3}
      propertyPath: m_LocalEulerAnglesHint.z
      value: 0
      objectReference: {fileID: 0}
    - target: {fileID: 5947129651312688157, guid: f8f79b0bc358e4c778af33cf11019825,
        type: 3}
      propertyPath: m_LocalScale.x
      value: 0.9
      objectReference: {fileID: 0}
    - target: {fileID: 5947129651312688157, guid: f8f79b0bc358e4c778af33cf11019825,
        type: 3}
      propertyPath: m_LocalScale.y
      value: 0.9
      objectReference: {fileID: 0}
    - target: {fileID: 5947129651312688157, guid: f8f79b0bc358e4c778af33cf11019825,
        type: 3}
      propertyPath: m_LocalScale.z
      value: 0.9
      objectReference: {fileID: 0}
    - target: {fileID: 6055338479326144123, guid: f8f79b0bc358e4c778af33cf11019825,
        type: 3}
      propertyPath: m_Animations.Array.size
      value: 2
      objectReference: {fileID: 0}
    - target: {fileID: 6055338479326144123, guid: f8f79b0bc358e4c778af33cf11019825,
        type: 3}
      propertyPath: m_Animations.Array.data[1]
      value: 
      objectReference: {fileID: 7400000, guid: eff6e8be3c4e8428e82893d8dabe798b, type: 2}
    m_RemovedComponents: []
  m_SourcePrefab: {fileID: 100100000, guid: f8f79b0bc358e4c778af33cf11019825, type: 3}
--- !u!4 &6104473280290994084 stripped
Transform:
  m_CorrespondingSourceObject: {fileID: 5947129651312688157, guid: f8f79b0bc358e4c778af33cf11019825,
    type: 3}
  m_PrefabInstance: {fileID: 450079534108429241}
  m_PrefabAsset: {fileID: 0}
--- !u!1001 &1146208205496293842
PrefabInstance:
  m_ObjectHideFlags: 0
  serializedVersion: 2
  m_Modification:
    m_TransformParent: {fileID: 8767021091402443841}
    m_Modifications:
    - target: {fileID: -927199367670048503, guid: 38af95f99da9f48e0a90768e6ed7e26a,
        type: 3}
      propertyPath: m_Name
      value: platform
      objectReference: {fileID: 0}
    - target: {fileID: -927199367670048503, guid: 38af95f99da9f48e0a90768e6ed7e26a,
        type: 3}
      propertyPath: m_IsActive
      value: 0
      objectReference: {fileID: 0}
    - target: {fileID: -4216859302048453862, guid: 38af95f99da9f48e0a90768e6ed7e26a,
        type: 3}
      propertyPath: m_LocalPosition.x
      value: -0
      objectReference: {fileID: 0}
    - target: {fileID: -4216859302048453862, guid: 38af95f99da9f48e0a90768e6ed7e26a,
        type: 3}
      propertyPath: m_LocalPosition.y
      value: -1.45
      objectReference: {fileID: 0}
    - target: {fileID: -4216859302048453862, guid: 38af95f99da9f48e0a90768e6ed7e26a,
        type: 3}
      propertyPath: m_LocalPosition.z
      value: 0
      objectReference: {fileID: 0}
    - target: {fileID: -4216859302048453862, guid: 38af95f99da9f48e0a90768e6ed7e26a,
        type: 3}
      propertyPath: m_LocalRotation.x
      value: 0
      objectReference: {fileID: 0}
    - target: {fileID: -4216859302048453862, guid: 38af95f99da9f48e0a90768e6ed7e26a,
        type: 3}
      propertyPath: m_LocalRotation.y
      value: -0
      objectReference: {fileID: 0}
    - target: {fileID: -4216859302048453862, guid: 38af95f99da9f48e0a90768e6ed7e26a,
        type: 3}
      propertyPath: m_LocalRotation.z
      value: -0
      objectReference: {fileID: 0}
    - target: {fileID: -4216859302048453862, guid: 38af95f99da9f48e0a90768e6ed7e26a,
        type: 3}
      propertyPath: m_LocalRotation.w
      value: 1
      objectReference: {fileID: 0}
    - target: {fileID: -4216859302048453862, guid: 38af95f99da9f48e0a90768e6ed7e26a,
        type: 3}
      propertyPath: m_RootOrder
      value: 3
      objectReference: {fileID: 0}
    - target: {fileID: -4216859302048453862, guid: 38af95f99da9f48e0a90768e6ed7e26a,
        type: 3}
      propertyPath: m_LocalEulerAnglesHint.x
      value: 0
      objectReference: {fileID: 0}
    - target: {fileID: -4216859302048453862, guid: 38af95f99da9f48e0a90768e6ed7e26a,
        type: 3}
      propertyPath: m_LocalEulerAnglesHint.y
      value: 0
      objectReference: {fileID: 0}
    - target: {fileID: -4216859302048453862, guid: 38af95f99da9f48e0a90768e6ed7e26a,
        type: 3}
      propertyPath: m_LocalEulerAnglesHint.z
      value: 0
      objectReference: {fileID: 0}
    m_RemovedComponents: []
  m_SourcePrefab: {fileID: 100100000, guid: 38af95f99da9f48e0a90768e6ed7e26a, type: 3}
--- !u!4 &5373518404238389960 stripped
Transform:
  m_CorrespondingSourceObject: {fileID: -4216859302048453862, guid: 38af95f99da9f48e0a90768e6ed7e26a,
    type: 3}
  m_PrefabInstance: {fileID: 1146208205496293842}
  m_PrefabAsset: {fileID: 0}
--- !u!1001 &2156962739940934858
PrefabInstance:
  m_ObjectHideFlags: 0
  serializedVersion: 2
  m_Modification:
    m_TransformParent: {fileID: 8767021091402443841}
    m_Modifications:
    - target: {fileID: 4102528079911892307, guid: 39c88f579fc23467ca107b73c254f1f3,
        type: 3}
      propertyPath: m_Name
      value: Border
      objectReference: {fileID: 0}
    - target: {fileID: 2744837403859649412, guid: 39c88f579fc23467ca107b73c254f1f3,
        type: 3}
      propertyPath: m_LocalPosition.x
      value: 0
      objectReference: {fileID: 0}
    - target: {fileID: 2744837403859649412, guid: 39c88f579fc23467ca107b73c254f1f3,
        type: 3}
      propertyPath: m_LocalPosition.y
      value: 0
      objectReference: {fileID: 0}
    - target: {fileID: 2744837403859649412, guid: 39c88f579fc23467ca107b73c254f1f3,
        type: 3}
      propertyPath: m_LocalPosition.z
      value: 0
      objectReference: {fileID: 0}
    - target: {fileID: 2744837403859649412, guid: 39c88f579fc23467ca107b73c254f1f3,
        type: 3}
      propertyPath: m_LocalRotation.x
      value: 0
      objectReference: {fileID: 0}
    - target: {fileID: 2744837403859649412, guid: 39c88f579fc23467ca107b73c254f1f3,
        type: 3}
      propertyPath: m_LocalRotation.y
      value: 0
      objectReference: {fileID: 0}
    - target: {fileID: 2744837403859649412, guid: 39c88f579fc23467ca107b73c254f1f3,
        type: 3}
      propertyPath: m_LocalRotation.z
      value: 0
      objectReference: {fileID: 0}
    - target: {fileID: 2744837403859649412, guid: 39c88f579fc23467ca107b73c254f1f3,
        type: 3}
      propertyPath: m_LocalRotation.w
      value: 1
      objectReference: {fileID: 0}
    - target: {fileID: 2744837403859649412, guid: 39c88f579fc23467ca107b73c254f1f3,
        type: 3}
      propertyPath: m_RootOrder
      value: 2
      objectReference: {fileID: 0}
    - target: {fileID: 2744837403859649412, guid: 39c88f579fc23467ca107b73c254f1f3,
        type: 3}
      propertyPath: m_LocalEulerAnglesHint.x
      value: 0
      objectReference: {fileID: 0}
    - target: {fileID: 2744837403859649412, guid: 39c88f579fc23467ca107b73c254f1f3,
        type: 3}
      propertyPath: m_LocalEulerAnglesHint.y
      value: 0
      objectReference: {fileID: 0}
    - target: {fileID: 2744837403859649412, guid: 39c88f579fc23467ca107b73c254f1f3,
        type: 3}
      propertyPath: m_LocalEulerAnglesHint.z
      value: 0
      objectReference: {fileID: 0}
    m_RemovedComponents: []
  m_SourcePrefab: {fileID: 100100000, guid: 39c88f579fc23467ca107b73c254f1f3, type: 3}
--- !u!4 &4321359132988557134 stripped
Transform:
  m_CorrespondingSourceObject: {fileID: 2744837403859649412, guid: 39c88f579fc23467ca107b73c254f1f3,
    type: 3}
  m_PrefabInstance: {fileID: 2156962739940934858}
  m_PrefabAsset: {fileID: 0}
--- !u!1001 &4480184171879934697
PrefabInstance:
  m_ObjectHideFlags: 0
  serializedVersion: 2
  m_Modification:
    m_TransformParent: {fileID: 8767021091402443841}
    m_Modifications:
    - target: {fileID: -927199367670048503, guid: d18c0229e12d644ed802d00ab225befd,
        type: 3}
      propertyPath: m_Name
      value: platform2
      objectReference: {fileID: 0}
    - target: {fileID: -927199367670048503, guid: d18c0229e12d644ed802d00ab225befd,
        type: 3}
      propertyPath: m_IsActive
      value: 0
      objectReference: {fileID: 0}
    - target: {fileID: -4216859302048453862, guid: d18c0229e12d644ed802d00ab225befd,
        type: 3}
      propertyPath: m_LocalPosition.x
      value: 0
      objectReference: {fileID: 0}
    - target: {fileID: -4216859302048453862, guid: d18c0229e12d644ed802d00ab225befd,
        type: 3}
      propertyPath: m_LocalPosition.y
      value: -2.5
      objectReference: {fileID: 0}
    - target: {fileID: -4216859302048453862, guid: d18c0229e12d644ed802d00ab225befd,
        type: 3}
      propertyPath: m_LocalPosition.z
      value: 0.09437481
      objectReference: {fileID: 0}
    - target: {fileID: -4216859302048453862, guid: d18c0229e12d644ed802d00ab225befd,
        type: 3}
      propertyPath: m_LocalRotation.x
      value: 0.7071068
      objectReference: {fileID: 0}
    - target: {fileID: -4216859302048453862, guid: d18c0229e12d644ed802d00ab225befd,
        type: 3}
      propertyPath: m_LocalRotation.y
      value: 0
      objectReference: {fileID: 0}
    - target: {fileID: -4216859302048453862, guid: d18c0229e12d644ed802d00ab225befd,
        type: 3}
      propertyPath: m_LocalRotation.z
      value: 0
      objectReference: {fileID: 0}
    - target: {fileID: -4216859302048453862, guid: d18c0229e12d644ed802d00ab225befd,
        type: 3}
      propertyPath: m_LocalRotation.w
      value: -0.7071068
      objectReference: {fileID: 0}
    - target: {fileID: -4216859302048453862, guid: d18c0229e12d644ed802d00ab225befd,
        type: 3}
      propertyPath: m_RootOrder
      value: 4
      objectReference: {fileID: 0}
    - target: {fileID: -4216859302048453862, guid: d18c0229e12d644ed802d00ab225befd,
        type: 3}
      propertyPath: m_LocalEulerAnglesHint.x
      value: 0
      objectReference: {fileID: 0}
    - target: {fileID: -4216859302048453862, guid: d18c0229e12d644ed802d00ab225befd,
        type: 3}
      propertyPath: m_LocalEulerAnglesHint.y
      value: 0
      objectReference: {fileID: 0}
    - target: {fileID: -4216859302048453862, guid: d18c0229e12d644ed802d00ab225befd,
        type: 3}
      propertyPath: m_LocalEulerAnglesHint.z
      value: 0
      objectReference: {fileID: 0}
    - target: {fileID: -4216859302048453862, guid: d18c0229e12d644ed802d00ab225befd,
        type: 3}
      propertyPath: m_LocalScale.x
      value: 1.2
      objectReference: {fileID: 0}
    - target: {fileID: -4216859302048453862, guid: d18c0229e12d644ed802d00ab225befd,
        type: 3}
      propertyPath: m_LocalScale.y
      value: 1.2
      objectReference: {fileID: 0}
    - target: {fileID: -4216859302048453862, guid: d18c0229e12d644ed802d00ab225befd,
        type: 3}
      propertyPath: m_LocalScale.z
      value: 1.2
      objectReference: {fileID: 0}
    - target: {fileID: -1504981713932161579, guid: d18c0229e12d644ed802d00ab225befd,
        type: 3}
      propertyPath: m_Materials.Array.data[0]
      value: 
      objectReference: {fileID: 2100000, guid: 4b9e770a172984869a74fb077f29b9d4, type: 2}
    m_RemovedComponents: []
  m_SourcePrefab: {fileID: 100100000, guid: d18c0229e12d644ed802d00ab225befd, type: 3}
--- !u!4 &8887426201512215027 stripped
Transform:
  m_CorrespondingSourceObject: {fileID: -4216859302048453862, guid: d18c0229e12d644ed802d00ab225befd,
    type: 3}
  m_PrefabInstance: {fileID: 4480184171879934697}
  m_PrefabAsset: {fileID: 0}
--- !u!1001 &4731761951475144107
PrefabInstance:
  m_ObjectHideFlags: 0
  serializedVersion: 2
  m_Modification:
    m_TransformParent: {fileID: 8767021091402443841}
    m_Modifications:
    - target: {fileID: -927199367670048503, guid: 01211b676644c43cc9509c0186639334,
        type: 3}
      propertyPath: m_Name
      value: plt
      objectReference: {fileID: 0}
    - target: {fileID: -4216859302048453862, guid: 01211b676644c43cc9509c0186639334,
        type: 3}
      propertyPath: m_LocalPosition.x
      value: 0.56
      objectReference: {fileID: 0}
    - target: {fileID: -4216859302048453862, guid: 01211b676644c43cc9509c0186639334,
        type: 3}
      propertyPath: m_LocalPosition.y
      value: -2.5
      objectReference: {fileID: 0}
    - target: {fileID: -4216859302048453862, guid: 01211b676644c43cc9509c0186639334,
        type: 3}
      propertyPath: m_LocalPosition.z
      value: -0.5
      objectReference: {fileID: 0}
    - target: {fileID: -4216859302048453862, guid: 01211b676644c43cc9509c0186639334,
        type: 3}
      propertyPath: m_LocalRotation.x
      value: 0
      objectReference: {fileID: 0}
    - target: {fileID: -4216859302048453862, guid: 01211b676644c43cc9509c0186639334,
        type: 3}
      propertyPath: m_LocalRotation.y
      value: 0
      objectReference: {fileID: 0}
    - target: {fileID: -4216859302048453862, guid: 01211b676644c43cc9509c0186639334,
        type: 3}
      propertyPath: m_LocalRotation.z
      value: 0
      objectReference: {fileID: 0}
    - target: {fileID: -4216859302048453862, guid: 01211b676644c43cc9509c0186639334,
        type: 3}
      propertyPath: m_LocalRotation.w
      value: 1
      objectReference: {fileID: 0}
    - target: {fileID: -4216859302048453862, guid: 01211b676644c43cc9509c0186639334,
        type: 3}
      propertyPath: m_RootOrder
      value: 5
      objectReference: {fileID: 0}
    - target: {fileID: -4216859302048453862, guid: 01211b676644c43cc9509c0186639334,
        type: 3}
      propertyPath: m_LocalEulerAnglesHint.x
      value: 0
      objectReference: {fileID: 0}
    - target: {fileID: -4216859302048453862, guid: 01211b676644c43cc9509c0186639334,
        type: 3}
      propertyPath: m_LocalEulerAnglesHint.y
      value: 0
      objectReference: {fileID: 0}
    - target: {fileID: -4216859302048453862, guid: 01211b676644c43cc9509c0186639334,
        type: 3}
      propertyPath: m_LocalEulerAnglesHint.z
      value: 0
      objectReference: {fileID: 0}
    - target: {fileID: -4216859302048453862, guid: 01211b676644c43cc9509c0186639334,
        type: 3}
      propertyPath: m_LocalScale.x
      value: 1.2
      objectReference: {fileID: 0}
    - target: {fileID: -4216859302048453862, guid: 01211b676644c43cc9509c0186639334,
        type: 3}
      propertyPath: m_LocalScale.y
      value: 1.2
      objectReference: {fileID: 0}
    - target: {fileID: -4216859302048453862, guid: 01211b676644c43cc9509c0186639334,
        type: 3}
      propertyPath: m_LocalScale.z
      value: 1.2
      objectReference: {fileID: 0}
    - target: {fileID: 8405317065323677370, guid: 01211b676644c43cc9509c0186639334,
        type: 3}
      propertyPath: m_Materials.Array.data[0]
      value: 
      objectReference: {fileID: 2100000, guid: ac472f06024bb43dabbb5de33e810884, type: 2}
    - target: {fileID: 2726396221703951952, guid: 01211b676644c43cc9509c0186639334,
        type: 3}
      propertyPath: m_Materials.Array.data[0]
      value: 
      objectReference: {fileID: 2100000, guid: 4b9e770a172984869a74fb077f29b9d4, type: 2}
    m_RemovedComponents: []
  m_SourcePrefab: {fileID: 100100000, guid: 01211b676644c43cc9509c0186639334, type: 3}
--- !u!4 &346826246794722993 stripped
Transform:
  m_CorrespondingSourceObject: {fileID: -4216859302048453862, guid: 01211b676644c43cc9509c0186639334,
    type: 3}
  m_PrefabInstance: {fileID: 4731761951475144107}
  m_PrefabAsset: {fileID: 0}
--- !u!1001 &7360837031600389471
PrefabInstance:
  m_ObjectHideFlags: 0
  serializedVersion: 2
  m_Modification:
    m_TransformParent: {fileID: 8767021091402443841}
    m_Modifications:
    - target: {fileID: 5820663578028040399, guid: f8f79b0bc358e4c778af33cf11019825,
        type: 3}
      propertyPath: m_Name
      value: Ventilyator (5)
      objectReference: {fileID: 0}
    - target: {fileID: 5947129651312688157, guid: f8f79b0bc358e4c778af33cf11019825,
        type: 3}
      propertyPath: m_LocalPosition.x
      value: -0.0029998
      objectReference: {fileID: 0}
    - target: {fileID: 5947129651312688157, guid: f8f79b0bc358e4c778af33cf11019825,
        type: 3}
      propertyPath: m_LocalPosition.y
      value: 0.03
      objectReference: {fileID: 0}
    - target: {fileID: 5947129651312688157, guid: f8f79b0bc358e4c778af33cf11019825,
        type: 3}
      propertyPath: m_LocalPosition.z
      value: -0.27
      objectReference: {fileID: 0}
    - target: {fileID: 5947129651312688157, guid: f8f79b0bc358e4c778af33cf11019825,
        type: 3}
      propertyPath: m_LocalRotation.x
      value: 0
      objectReference: {fileID: 0}
    - target: {fileID: 5947129651312688157, guid: f8f79b0bc358e4c778af33cf11019825,
        type: 3}
      propertyPath: m_LocalRotation.y
      value: 0
      objectReference: {fileID: 0}
    - target: {fileID: 5947129651312688157, guid: f8f79b0bc358e4c778af33cf11019825,
        type: 3}
      propertyPath: m_LocalRotation.z
      value: 0
      objectReference: {fileID: 0}
    - target: {fileID: 5947129651312688157, guid: f8f79b0bc358e4c778af33cf11019825,
        type: 3}
      propertyPath: m_LocalRotation.w
      value: 1
      objectReference: {fileID: 0}
    - target: {fileID: 5947129651312688157, guid: f8f79b0bc358e4c778af33cf11019825,
        type: 3}
      propertyPath: m_RootOrder
      value: 11
      objectReference: {fileID: 0}
    - target: {fileID: 5947129651312688157, guid: f8f79b0bc358e4c778af33cf11019825,
        type: 3}
      propertyPath: m_LocalEulerAnglesHint.x
      value: 0
      objectReference: {fileID: 0}
    - target: {fileID: 5947129651312688157, guid: f8f79b0bc358e4c778af33cf11019825,
        type: 3}
      propertyPath: m_LocalEulerAnglesHint.y
      value: 90.00001
      objectReference: {fileID: 0}
    - target: {fileID: 5947129651312688157, guid: f8f79b0bc358e4c778af33cf11019825,
        type: 3}
      propertyPath: m_LocalEulerAnglesHint.z
      value: 0
      objectReference: {fileID: 0}
    - target: {fileID: 5947129651312688157, guid: f8f79b0bc358e4c778af33cf11019825,
        type: 3}
      propertyPath: m_LocalScale.x
      value: 0.9
      objectReference: {fileID: 0}
    - target: {fileID: 5947129651312688157, guid: f8f79b0bc358e4c778af33cf11019825,
        type: 3}
      propertyPath: m_LocalScale.y
      value: 0.9
      objectReference: {fileID: 0}
    - target: {fileID: 5947129651312688157, guid: f8f79b0bc358e4c778af33cf11019825,
        type: 3}
      propertyPath: m_LocalScale.z
      value: 0.9
      objectReference: {fileID: 0}
    m_RemovedComponents: []
  m_SourcePrefab: {fileID: 100100000, guid: f8f79b0bc358e4c778af33cf11019825, type: 3}
--- !u!4 &3796113027136979266 stripped
Transform:
  m_CorrespondingSourceObject: {fileID: 5947129651312688157, guid: f8f79b0bc358e4c778af33cf11019825,
    type: 3}
  m_PrefabInstance: {fileID: 7360837031600389471}
  m_PrefabAsset: {fileID: 0}
--- !u!1001 &8767021092897635009
PrefabInstance:
  m_ObjectHideFlags: 0
  serializedVersion: 2
  m_Modification:
    m_TransformParent: {fileID: 8767021091402443841}
    m_Modifications:
    - target: {fileID: 5885667182548792513, guid: 570d6cf34a61d4e419934fbe95f88ee3,
        type: 3}
      propertyPath: m_Name
      value: SimplePlane
      objectReference: {fileID: 0}
    - target: {fileID: 5885667182548792513, guid: 570d6cf34a61d4e419934fbe95f88ee3,
        type: 3}
      propertyPath: m_IsActive
      value: 0
      objectReference: {fileID: 0}
    - target: {fileID: 7490980170168813266, guid: 570d6cf34a61d4e419934fbe95f88ee3,
        type: 3}
      propertyPath: m_LocalPosition.x
      value: 0
      objectReference: {fileID: 0}
    - target: {fileID: 7490980170168813266, guid: 570d6cf34a61d4e419934fbe95f88ee3,
        type: 3}
      propertyPath: m_LocalPosition.y
      value: -0
      objectReference: {fileID: 0}
    - target: {fileID: 7490980170168813266, guid: 570d6cf34a61d4e419934fbe95f88ee3,
        type: 3}
      propertyPath: m_LocalPosition.z
      value: 0
      objectReference: {fileID: 0}
    - target: {fileID: 7490980170168813266, guid: 570d6cf34a61d4e419934fbe95f88ee3,
        type: 3}
      propertyPath: m_LocalRotation.x
      value: 0
      objectReference: {fileID: 0}
    - target: {fileID: 7490980170168813266, guid: 570d6cf34a61d4e419934fbe95f88ee3,
        type: 3}
      propertyPath: m_LocalRotation.y
      value: 0
      objectReference: {fileID: 0}
    - target: {fileID: 7490980170168813266, guid: 570d6cf34a61d4e419934fbe95f88ee3,
        type: 3}
      propertyPath: m_LocalRotation.z
      value: 0
      objectReference: {fileID: 0}
    - target: {fileID: 7490980170168813266, guid: 570d6cf34a61d4e419934fbe95f88ee3,
        type: 3}
      propertyPath: m_LocalRotation.w
      value: 1
      objectReference: {fileID: 0}
    - target: {fileID: 7490980170168813266, guid: 570d6cf34a61d4e419934fbe95f88ee3,
        type: 3}
      propertyPath: m_RootOrder
      value: 0
      objectReference: {fileID: 0}
    - target: {fileID: 7490980170168813266, guid: 570d6cf34a61d4e419934fbe95f88ee3,
        type: 3}
      propertyPath: m_LocalEulerAnglesHint.x
      value: 0
      objectReference: {fileID: 0}
    - target: {fileID: 7490980170168813266, guid: 570d6cf34a61d4e419934fbe95f88ee3,
        type: 3}
      propertyPath: m_LocalEulerAnglesHint.y
      value: 0
      objectReference: {fileID: 0}
    - target: {fileID: 7490980170168813266, guid: 570d6cf34a61d4e419934fbe95f88ee3,
        type: 3}
      propertyPath: m_LocalEulerAnglesHint.z
      value: 0
      objectReference: {fileID: 0}
    - target: {fileID: 7490980170168813266, guid: 570d6cf34a61d4e419934fbe95f88ee3,
        type: 3}
      propertyPath: m_LocalScale.x
      value: 6.2999997
      objectReference: {fileID: 0}
    - target: {fileID: 7490980170168813266, guid: 570d6cf34a61d4e419934fbe95f88ee3,
        type: 3}
      propertyPath: m_LocalScale.y
      value: 6.2999997
      objectReference: {fileID: 0}
    - target: {fileID: 7490980170168813266, guid: 570d6cf34a61d4e419934fbe95f88ee3,
        type: 3}
      propertyPath: m_LocalScale.z
      value: 6.3
      objectReference: {fileID: 0}
    - target: {fileID: 5301511997717512221, guid: 570d6cf34a61d4e419934fbe95f88ee3,
        type: 3}
      propertyPath: m_Enabled
      value: 0
      objectReference: {fileID: 0}
    m_RemovedComponents: []
  m_SourcePrefab: {fileID: 100100000, guid: 570d6cf34a61d4e419934fbe95f88ee3, type: 3}
--- !u!4 &2188742810607123475 stripped
Transform:
  m_CorrespondingSourceObject: {fileID: 7490980170168813266, guid: 570d6cf34a61d4e419934fbe95f88ee3,
    type: 3}
  m_PrefabInstance: {fileID: 8767021092897635009}
  m_PrefabAsset: {fileID: 0}
--- !u!1001 &9114520256820440236
PrefabInstance:
  m_ObjectHideFlags: 0
  serializedVersion: 2
  m_Modification:
    m_TransformParent: {fileID: 8767021091402443841}
    m_Modifications:
    - target: {fileID: 5820663578028040399, guid: f8f79b0bc358e4c778af33cf11019825,
        type: 3}
      propertyPath: m_Name
      value: Ventilyator
      objectReference: {fileID: 0}
    - target: {fileID: 5947129651312688157, guid: f8f79b0bc358e4c778af33cf11019825,
        type: 3}
      propertyPath: m_LocalPosition.x
      value: -3.01
      objectReference: {fileID: 0}
    - target: {fileID: 5947129651312688157, guid: f8f79b0bc358e4c778af33cf11019825,
        type: 3}
      propertyPath: m_LocalPosition.y
      value: 0.03
      objectReference: {fileID: 0}
    - target: {fileID: 5947129651312688157, guid: f8f79b0bc358e4c778af33cf11019825,
        type: 3}
      propertyPath: m_LocalPosition.z
      value: 4.63
      objectReference: {fileID: 0}
    - target: {fileID: 5947129651312688157, guid: f8f79b0bc358e4c778af33cf11019825,
        type: 3}
      propertyPath: m_LocalRotation.x
      value: 0
      objectReference: {fileID: 0}
    - target: {fileID: 5947129651312688157, guid: f8f79b0bc358e4c778af33cf11019825,
        type: 3}
      propertyPath: m_LocalRotation.y
      value: 0
      objectReference: {fileID: 0}
    - target: {fileID: 5947129651312688157, guid: f8f79b0bc358e4c778af33cf11019825,
        type: 3}
      propertyPath: m_LocalRotation.z
      value: 0
      objectReference: {fileID: 0}
    - target: {fileID: 5947129651312688157, guid: f8f79b0bc358e4c778af33cf11019825,
        type: 3}
      propertyPath: m_LocalRotation.w
      value: 1
      objectReference: {fileID: 0}
    - target: {fileID: 5947129651312688157, guid: f8f79b0bc358e4c778af33cf11019825,
        type: 3}
      propertyPath: m_RootOrder
      value: 8
      objectReference: {fileID: 0}
    - target: {fileID: 5947129651312688157, guid: f8f79b0bc358e4c778af33cf11019825,
        type: 3}
      propertyPath: m_LocalEulerAnglesHint.x
      value: 0
      objectReference: {fileID: 0}
    - target: {fileID: 5947129651312688157, guid: f8f79b0bc358e4c778af33cf11019825,
        type: 3}
      propertyPath: m_LocalEulerAnglesHint.y
      value: 90.00001
      objectReference: {fileID: 0}
    - target: {fileID: 5947129651312688157, guid: f8f79b0bc358e4c778af33cf11019825,
        type: 3}
      propertyPath: m_LocalEulerAnglesHint.z
      value: 0
      objectReference: {fileID: 0}
    - target: {fileID: 5947129651312688157, guid: f8f79b0bc358e4c778af33cf11019825,
        type: 3}
      propertyPath: m_LocalScale.x
      value: 0.9
      objectReference: {fileID: 0}
    - target: {fileID: 5947129651312688157, guid: f8f79b0bc358e4c778af33cf11019825,
        type: 3}
      propertyPath: m_LocalScale.y
      value: 0.9
      objectReference: {fileID: 0}
    - target: {fileID: 5947129651312688157, guid: f8f79b0bc358e4c778af33cf11019825,
        type: 3}
      propertyPath: m_LocalScale.z
      value: 0.9
      objectReference: {fileID: 0}
    m_RemovedComponents: []
  m_SourcePrefab: {fileID: 100100000, guid: f8f79b0bc358e4c778af33cf11019825, type: 3}
--- !u!4 &3239553821450244273 stripped
Transform:
  m_CorrespondingSourceObject: {fileID: 5947129651312688157, guid: f8f79b0bc358e4c778af33cf11019825,
    type: 3}
  m_PrefabInstance: {fileID: 9114520256820440236}
  m_PrefabAsset: {fileID: 0}
